%% This BibTeX bibliography file was created using BibDesk.
%% https://bibdesk.sourceforge.io/

%% Created for Eva Ma at 2023-02-22 14:21:54 -0500 


%% Saved with string encoding Unicode (UTF-8) 



@article{baker2008chronicpain,
	author = {Baker TA, Buchanan NT, Corson N},
	date-added = {2023-02-22 14:17:00 -0500},
	date-modified = {2023-02-22 14:21:01 -0500},
	journal = {Womens Health (Larchmt)},
	keywords = {sample size for prediction},
	read = {1},
	title = {Factors influencing chronic pain intensity in older black women: examining depression, locus of control, and physical health.},
	year = {2008},
	bdsk-file-1 = {YnBsaXN0MDDSAQIDBFxyZWxhdGl2ZVBhdGhZYWxpYXNEYXRhXxATLi4vY2hyb25pYyBwYWluLnBkZk8RAaIAAAAAAaIAAgAADE1hY2ludG9zaCBIRAAAAAAAAAAAAAAAAAAAAN+vTahCRAAB/////xBjaHJvbmljIHBhaW4ucGRmAAAAAAAAAAAAAAAAAAAAAAAAAAAAAAAAAAAAAAAAAAAAAAAAAAAAAAAAAAAAAAD/////35xsEgAAAAAAAAAAAAEAAQAACiBjdQAAAAAAAAAAAAAAAAAGdGhlc2lzAAIAVC86VXNlcnM6ZXZhOkxpYnJhcnk6TW9iaWxlIERvY3VtZW50czpjb21+YXBwbGV+Q2xvdWREb2NzOldQSTp0aGVzaXM6Y2hyb25pYyBwYWluLnBkZgAOACIAEABjAGgAcgBvAG4AaQBjACAAcABhAGkAbgAuAHAAZABmAA8AGgAMAE0AYQBjAGkAbgB0AG8AcwBoACAASABEABIAUlVzZXJzL2V2YS9MaWJyYXJ5L01vYmlsZSBEb2N1bWVudHMvY29tfmFwcGxlfkNsb3VkRG9jcy9XUEkvdGhlc2lzL2Nocm9uaWMgcGFpbi5wZGYAEwABLwAAFQACAAr//wAAAAgADQAaACQAOgAAAAAAAAIBAAAAAAAAAAUAAAAAAAAAAAAAAAAAAAHg}}

@article{cite-key,
	date-added = {2023-02-22 14:16:03 -0500},
	date-modified = {2023-02-22 14:21:46 -0500}}

@article{kerridge1967errors,
	author = {Kerridge, D},
	date-added = {2022-03-02 11:26:16 -0500},
	date-modified = {2022-03-02 11:26:25 -0500},
	journal = {Technometrics},
	keywords = {sample size for prediction},
	number = {2},
	pages = {309--311},
	publisher = {Taylor \& Francis},
	title = {Errors of prediction in multiple regression with stochastic regressor variables},
	volume = {9},
	year = {1967},
	bdsk-file-1 = {YnBsaXN0MDDSAQIDBFxyZWxhdGl2ZVBhdGhZYWxpYXNEYXRhXxCiLi4vLi4vLi4vLi4vLi4vUmVzZWFyY2hEb2MvUmVmZXJlbmNlL0JpYkRlc2tBdXRvRmlsZXMvS2VycmlkZ2UuRC9LZXJyaWRnZTE5NjdiLUVycm9ycyBvZiBwcmVkaWN0aW9uIGluIG11bHRpcGxlIHJlZ3Jlc3Npb24gd2l0aCBzdG9jaGFzdGljIHJlZ3Jlc3NvciB2YXJpYWJsZXMucGRmTxEC7AAAAAAC7AACAAAMTWFjaW50b3NoIEhEAAAAAAAAAAAAAAAAAAAAAAAAAEJEAAH/////H0tlcnJpZGdlMTk2N2ItRXJybyNGRkZGRkZGRi5wZGYAAAAAAAAAAAAAAAAAAAAAAAAAAAAAAAAAAAAAAAAAAP////8AAAAAAAAAAAAAAAAABQAFAAAKIGN1AAAAAAAAAAAAAAAAAApLZXJyaWRnZS5EAAIApS86VXNlcnM6emhleWFuZ3d1OlJlc2VhcmNoRG9jOlJlZmVyZW5jZTpCaWJEZXNrQXV0b0ZpbGVzOktlcnJpZGdlLkQ6S2VycmlkZ2UxOTY3Yi1FcnJvcnMgb2YgcHJlZGljdGlvbiBpbiBtdWx0aXBsZSByZWdyZXNzaW9uIHdpdGggc3RvY2hhc3RpYyByZWdyZXNzb3IgdmFyaWFibGVzLnBkZgAADgDEAGEASwBlAHIAcgBpAGQAZwBlADEAOQA2ADcAYgAtAEUAcgByAG8AcgBzACAAbwBmACAAcAByAGUAZABpAGMAdABpAG8AbgAgAGkAbgAgAG0AdQBsAHQAaQBwAGwAZQAgAHIAZQBnAHIAZQBzAHMAaQBvAG4AIAB3AGkAdABoACAAcwB0AG8AYwBoAGEAcwB0AGkAYwAgAHIAZQBnAHIAZQBzAHMAbwByACAAdgBhAHIAaQBhAGIAbABlAHMALgBwAGQAZgAPABoADABNAGEAYwBpAG4AdABvAHMAaAAgAEgARAASAKNVc2Vycy96aGV5YW5nd3UvUmVzZWFyY2hEb2MvUmVmZXJlbmNlL0JpYkRlc2tBdXRvRmlsZXMvS2VycmlkZ2UuRC9LZXJyaWRnZTE5NjdiLUVycm9ycyBvZiBwcmVkaWN0aW9uIGluIG11bHRpcGxlIHJlZ3Jlc3Npb24gd2l0aCBzdG9jaGFzdGljIHJlZ3Jlc3NvciB2YXJpYWJsZXMucGRmAAATAAEvAAAVAAIAEP//AAAACAANABoAJADJAAAAAAAAAgEAAAAAAAAABQAAAAAAAAAAAAAAAAAAA7k=},
	bdsk-file-2 = {YnBsaXN0MDDSAQIDBFxyZWxhdGl2ZVBhdGhZYWxpYXNEYXRhXxCjLi4vLi4vLi4vLi4vLi4vUmVzZWFyY2hEb2MvUmVmZXJlbmNlL0JpYkRlc2tBdXRvRmlsZXMvS2VycmlkZ2UuRC9LZXJyaWRnZTE5Njd0LUVycm9ycyBvZiBwcmVkaWN0aW9uIGluIG11bHRpcGxlIHJlZ3Jlc3Npb24gd2l0aCBzdG9jaGFzdGljIHJlZ3Jlc3NvciB2YXJpYWJsZXMubm90ZU8RAu4AAAAAAu4AAgAADE1hY2ludG9zaCBIRAAAAAAAAAAAAAAAAAAAAAAAAABCRAAB/////x9LZXJyaWRnZTE5Njd0LUVyciNGRkZGRkZGRi5ub3RlAAAAAAAAAAAAAAAAAAAAAAAAAAAAAAAAAAAAAAAAAAD/////AAAAAAAAAAAAAAAAAAUABQAACiBjdQAAAAAAAAAAAAAAAAAKS2VycmlkZ2UuRAACAKYvOlVzZXJzOnpoZXlhbmd3dTpSZXNlYXJjaERvYzpSZWZlcmVuY2U6QmliRGVza0F1dG9GaWxlczpLZXJyaWRnZS5EOktlcnJpZGdlMTk2N3QtRXJyb3JzIG9mIHByZWRpY3Rpb24gaW4gbXVsdGlwbGUgcmVncmVzc2lvbiB3aXRoIHN0b2NoYXN0aWMgcmVncmVzc29yIHZhcmlhYmxlcy5ub3RlAA4AxgBiAEsAZQByAHIAaQBkAGcAZQAxADkANgA3AHQALQBFAHIAcgBvAHIAcwAgAG8AZgAgAHAAcgBlAGQAaQBjAHQAaQBvAG4AIABpAG4AIABtAHUAbAB0AGkAcABsAGUAIAByAGUAZwByAGUAcwBzAGkAbwBuACAAdwBpAHQAaAAgAHMAdABvAGMAaABhAHMAdABpAGMAIAByAGUAZwByAGUAcwBzAG8AcgAgAHYAYQByAGkAYQBiAGwAZQBzAC4AbgBvAHQAZQAPABoADABNAGEAYwBpAG4AdABvAHMAaAAgAEgARAASAKRVc2Vycy96aGV5YW5nd3UvUmVzZWFyY2hEb2MvUmVmZXJlbmNlL0JpYkRlc2tBdXRvRmlsZXMvS2VycmlkZ2UuRC9LZXJyaWRnZTE5Njd0LUVycm9ycyBvZiBwcmVkaWN0aW9uIGluIG11bHRpcGxlIHJlZ3Jlc3Npb24gd2l0aCBzdG9jaGFzdGljIHJlZ3Jlc3NvciB2YXJpYWJsZXMubm90ZQATAAEvAAAVAAIAEP//AAAACAANABoAJADKAAAAAAAAAgEAAAAAAAAABQAAAAAAAAAAAAAAAAAAA7w=},
	bdsk-file-3 = {YnBsaXN0MDDSAQIDBFxyZWxhdGl2ZVBhdGhZYWxpYXNEYXRhXxCiLi4vLi4vLi4vLi4vLi4vUmVzZWFyY2hEb2MvUmVmZXJlbmNlL0JpYkRlc2tBdXRvRmlsZXMvS2VycmlkZ2UuRC9LZXJyaWRnZTE5NjdjLUVycm9ycyBvZiBwcmVkaWN0aW9uIGluIG11bHRpcGxlIHJlZ3Jlc3Npb24gd2l0aCBzdG9jaGFzdGljIHJlZ3Jlc3NvciB2YXJpYWJsZXMucGRmTxEC7AAAAAAC7AACAAAMTWFjaW50b3NoIEhEAAAAAAAAAAAAAAAAAAAAAAAAAEJEAAH/////H0tlcnJpZGdlMTk2N2MtRXJybyNGRkZGRkZGRi5wZGYAAAAAAAAAAAAAAAAAAAAAAAAAAAAAAAAAAAAAAAAAAP////8AAAAAAAAAAAAAAAAABQAFAAAKIGN1AAAAAAAAAAAAAAAAAApLZXJyaWRnZS5EAAIApS86VXNlcnM6emhleWFuZ3d1OlJlc2VhcmNoRG9jOlJlZmVyZW5jZTpCaWJEZXNrQXV0b0ZpbGVzOktlcnJpZGdlLkQ6S2VycmlkZ2UxOTY3Yy1FcnJvcnMgb2YgcHJlZGljdGlvbiBpbiBtdWx0aXBsZSByZWdyZXNzaW9uIHdpdGggc3RvY2hhc3RpYyByZWdyZXNzb3IgdmFyaWFibGVzLnBkZgAADgDEAGEASwBlAHIAcgBpAGQAZwBlADEAOQA2ADcAYwAtAEUAcgByAG8AcgBzACAAbwBmACAAcAByAGUAZABpAGMAdABpAG8AbgAgAGkAbgAgAG0AdQBsAHQAaQBwAGwAZQAgAHIAZQBnAHIAZQBzAHMAaQBvAG4AIAB3AGkAdABoACAAcwB0AG8AYwBoAGEAcwB0AGkAYwAgAHIAZQBnAHIAZQBzAHMAbwByACAAdgBhAHIAaQBhAGIAbABlAHMALgBwAGQAZgAPABoADABNAGEAYwBpAG4AdABvAHMAaAAgAEgARAASAKNVc2Vycy96aGV5YW5nd3UvUmVzZWFyY2hEb2MvUmVmZXJlbmNlL0JpYkRlc2tBdXRvRmlsZXMvS2VycmlkZ2UuRC9LZXJyaWRnZTE5NjdjLUVycm9ycyBvZiBwcmVkaWN0aW9uIGluIG11bHRpcGxlIHJlZ3Jlc3Npb24gd2l0aCBzdG9jaGFzdGljIHJlZ3Jlc3NvciB2YXJpYWJsZXMucGRmAAATAAEvAAAVAAIAEP//AAAACAANABoAJADJAAAAAAAAAgEAAAAAAAAABQAAAAAAAAAAAAAAAAAAA7k=}}

@article{browne1969precision,
	author = {Browne, Michael W},
	date-added = {2022-03-02 22:19:28 -0500},
	date-modified = {2022-03-02 22:19:37 -0500},
	journal = {ETS Research Bulletin Series},
	keywords = {sample size for prediction},
	number = {2},
	pages = {i--95},
	publisher = {Wiley Online Library},
	title = {PRECISION OF PREDICTION 1, 2},
	volume = {1969},
	year = {1969},
	bdsk-file-1 = {YnBsaXN0MDDSAQIDBFxyZWxhdGl2ZVBhdGhZYWxpYXNEYXRhXxBrLi4vLi4vLi4vLi4vLi4vUmVzZWFyY2hEb2MvUmVmZXJlbmNlL0JpYkRlc2tBdXRvRmlsZXMvQnJvd25lLk0vQnJvd25lMTk2OWctUFJFQ0lTSU9OIE9GIFBSRURJQ1RJT04gMSwgMi5wZGZPEQIQAAAAAAIQAAIAAAxNYWNpbnRvc2ggSEQAAAAAAAAAAAAAAAAAAAAAAAAAQkQAAf////8fQnJvd25lMTk2OWctUFJFQ0lTI0ZGRkZGRkZGLnBkZgAAAAAAAAAAAAAAAAAAAAAAAAAAAAAAAAAAAAAAAAAA/////wAAAAAAAAAAAAAAAAAFAAUAAAogY3UAAAAAAAAAAAAAAAAACEJyb3duZS5NAAIAbi86VXNlcnM6emhleWFuZ3d1OlJlc2VhcmNoRG9jOlJlZmVyZW5jZTpCaWJEZXNrQXV0b0ZpbGVzOkJyb3duZS5NOkJyb3duZTE5NjlnLVBSRUNJU0lPTiBPRiBQUkVESUNUSU9OIDEsIDIucGRmAA4AWgAsAEIAcgBvAHcAbgBlADEAOQA2ADkAZwAtAFAAUgBFAEMASQBTAEkATwBOACAATwBGACAAUABSAEUARABJAEMAVABJAE8ATgAgADEALAAgADIALgBwAGQAZgAPABoADABNAGEAYwBpAG4AdABvAHMAaAAgAEgARAASAGxVc2Vycy96aGV5YW5nd3UvUmVzZWFyY2hEb2MvUmVmZXJlbmNlL0JpYkRlc2tBdXRvRmlsZXMvQnJvd25lLk0vQnJvd25lMTk2OWctUFJFQ0lTSU9OIE9GIFBSRURJQ1RJT04gMSwgMi5wZGYAEwABLwAAFQACABD//wAAAAgADQAaACQAkgAAAAAAAAIBAAAAAAAAAAUAAAAAAAAAAAAAAAAAAAKm}}

@article{narula1974predictive,
	author = {Narula, Subhash C},
	date-added = {2022-03-02 18:22:38 -0500},
	date-modified = {2022-03-02 18:22:47 -0500},
	journal = {Journal of the Royal Statistical Society: Series C (Applied Statistics)},
	keywords = {sample size for prediction},
	number = {1},
	pages = {11--17},
	publisher = {Wiley Online Library},
	title = {Predictive mean square error and stochastic regressor variables},
	volume = {23},
	year = {1974},
	bdsk-file-1 = {YnBsaXN0MDDSAQIDBFxyZWxhdGl2ZVBhdGhZYWxpYXNEYXRhXxCOLi4vLi4vLi4vLi4vLi4vUmVzZWFyY2hEb2MvUmVmZXJlbmNlL0JpYkRlc2tBdXRvRmlsZXMvTmFydWxhLlMvTmFydWxhMTk3NG0tUHJlZGljdGl2ZSBtZWFuIHNxdWFyZSBlcnJvciBhbmQgc3RvY2hhc3RpYyByZWdyZXNzb3IgdmFyaWFibGVzLnBkZk8RAp4AAAAAAp4AAgAADE1hY2ludG9zaCBIRAAAAAAAAAAAAAAAAAAAAAAAAABCRAAB/////x9OYXJ1bGExOTc0bS1QcmVkaWMjRkZGRkZGRkYucGRmAAAAAAAAAAAAAAAAAAAAAAAAAAAAAAAAAAAAAAAAAAD/////AAAAAAAAAAAAAAAAAAUABQAACiBjdQAAAAAAAAAAAAAAAAAITmFydWxhLlMAAgCRLzpVc2Vyczp6aGV5YW5nd3U6UmVzZWFyY2hEb2M6UmVmZXJlbmNlOkJpYkRlc2tBdXRvRmlsZXM6TmFydWxhLlM6TmFydWxhMTk3NG0tUHJlZGljdGl2ZSBtZWFuIHNxdWFyZSBlcnJvciBhbmQgc3RvY2hhc3RpYyByZWdyZXNzb3IgdmFyaWFibGVzLnBkZgAADgCgAE8ATgBhAHIAdQBsAGEAMQA5ADcANABtAC0AUAByAGUAZABpAGMAdABpAHYAZQAgAG0AZQBhAG4AIABzAHEAdQBhAHIAZQAgAGUAcgByAG8AcgAgAGEAbgBkACAAcwB0AG8AYwBoAGEAcwB0AGkAYwAgAHIAZQBnAHIAZQBzAHMAbwByACAAdgBhAHIAaQBhAGIAbABlAHMALgBwAGQAZgAPABoADABNAGEAYwBpAG4AdABvAHMAaAAgAEgARAASAI9Vc2Vycy96aGV5YW5nd3UvUmVzZWFyY2hEb2MvUmVmZXJlbmNlL0JpYkRlc2tBdXRvRmlsZXMvTmFydWxhLlMvTmFydWxhMTk3NG0tUHJlZGljdGl2ZSBtZWFuIHNxdWFyZSBlcnJvciBhbmQgc3RvY2hhc3RpYyByZWdyZXNzb3IgdmFyaWFibGVzLnBkZgAAEwABLwAAFQACABD//wAAAAgADQAaACQAtQAAAAAAAAIBAAAAAAAAAAUAAAAAAAAAAAAAAAAAAANX},
	bdsk-file-2 = {YnBsaXN0MDDSAQIDBFxyZWxhdGl2ZVBhdGhZYWxpYXNEYXRhXxCOLi4vLi4vLi4vLi4vLi4vUmVzZWFyY2hEb2MvUmVmZXJlbmNlL0JpYkRlc2tBdXRvRmlsZXMvTmFydWxhLlMvTmFydWxhMTk3NGEtUHJlZGljdGl2ZSBtZWFuIHNxdWFyZSBlcnJvciBhbmQgc3RvY2hhc3RpYyByZWdyZXNzb3IgdmFyaWFibGVzLnBkZk8RAp4AAAAAAp4AAgAADE1hY2ludG9zaCBIRAAAAAAAAAAAAAAAAAAAAAAAAABCRAAB/////x9OYXJ1bGExOTc0YS1QcmVkaWMjRkZGRkZGRkYucGRmAAAAAAAAAAAAAAAAAAAAAAAAAAAAAAAAAAAAAAAAAAD/////AAAAAAAAAAAAAAAAAAUABQAACiBjdQAAAAAAAAAAAAAAAAAITmFydWxhLlMAAgCRLzpVc2Vyczp6aGV5YW5nd3U6UmVzZWFyY2hEb2M6UmVmZXJlbmNlOkJpYkRlc2tBdXRvRmlsZXM6TmFydWxhLlM6TmFydWxhMTk3NGEtUHJlZGljdGl2ZSBtZWFuIHNxdWFyZSBlcnJvciBhbmQgc3RvY2hhc3RpYyByZWdyZXNzb3IgdmFyaWFibGVzLnBkZgAADgCgAE8ATgBhAHIAdQBsAGEAMQA5ADcANABhAC0AUAByAGUAZABpAGMAdABpAHYAZQAgAG0AZQBhAG4AIABzAHEAdQBhAHIAZQAgAGUAcgByAG8AcgAgAGEAbgBkACAAcwB0AG8AYwBoAGEAcwB0AGkAYwAgAHIAZQBnAHIAZQBzAHMAbwByACAAdgBhAHIAaQBhAGIAbABlAHMALgBwAGQAZgAPABoADABNAGEAYwBpAG4AdABvAHMAaAAgAEgARAASAI9Vc2Vycy96aGV5YW5nd3UvUmVzZWFyY2hEb2MvUmVmZXJlbmNlL0JpYkRlc2tBdXRvRmlsZXMvTmFydWxhLlMvTmFydWxhMTk3NGEtUHJlZGljdGl2ZSBtZWFuIHNxdWFyZSBlcnJvciBhbmQgc3RvY2hhc3RpYyByZWdyZXNzb3IgdmFyaWFibGVzLnBkZgAAEwABLwAAFQACABD//wAAAAgADQAaACQAtQAAAAAAAAIBAAAAAAAAAAUAAAAAAAAAAAAAAAAAAANX},
	bdsk-file-3 = {YnBsaXN0MDDSAQIDBFxyZWxhdGl2ZVBhdGhZYWxpYXNEYXRhXxCPLi4vLi4vLi4vLi4vLi4vUmVzZWFyY2hEb2MvUmVmZXJlbmNlL0JpYkRlc2tBdXRvRmlsZXMvTmFydWxhLlMvTmFydWxhMTk3NG0tUHJlZGljdGl2ZSBtZWFuIHNxdWFyZSBlcnJvciBhbmQgc3RvY2hhc3RpYyByZWdyZXNzb3IgdmFyaWFibGVzLm5vdGVPEQKgAAAAAAKgAAIAAAxNYWNpbnRvc2ggSEQAAAAAAAAAAAAAAAAAAAAAAAAAQkQAAf////8fTmFydWxhMTk3NG0tUHJlZGkjRkZGRkZGRkYubm90ZQAAAAAAAAAAAAAAAAAAAAAAAAAAAAAAAAAAAAAAAAAA/////wAAAAAAAAAAAAAAAAAFAAUAAAogY3UAAAAAAAAAAAAAAAAACE5hcnVsYS5TAAIAki86VXNlcnM6emhleWFuZ3d1OlJlc2VhcmNoRG9jOlJlZmVyZW5jZTpCaWJEZXNrQXV0b0ZpbGVzOk5hcnVsYS5TOk5hcnVsYTE5NzRtLVByZWRpY3RpdmUgbWVhbiBzcXVhcmUgZXJyb3IgYW5kIHN0b2NoYXN0aWMgcmVncmVzc29yIHZhcmlhYmxlcy5ub3RlAA4AogBQAE4AYQByAHUAbABhADEAOQA3ADQAbQAtAFAAcgBlAGQAaQBjAHQAaQB2AGUAIABtAGUAYQBuACAAcwBxAHUAYQByAGUAIABlAHIAcgBvAHIAIABhAG4AZAAgAHMAdABvAGMAaABhAHMAdABpAGMAIAByAGUAZwByAGUAcwBzAG8AcgAgAHYAYQByAGkAYQBiAGwAZQBzAC4AbgBvAHQAZQAPABoADABNAGEAYwBpAG4AdABvAHMAaAAgAEgARAASAJBVc2Vycy96aGV5YW5nd3UvUmVzZWFyY2hEb2MvUmVmZXJlbmNlL0JpYkRlc2tBdXRvRmlsZXMvTmFydWxhLlMvTmFydWxhMTk3NG0tUHJlZGljdGl2ZSBtZWFuIHNxdWFyZSBlcnJvciBhbmQgc3RvY2hhc3RpYyByZWdyZXNzb3IgdmFyaWFibGVzLm5vdGUAEwABLwAAFQACABD//wAAAAgADQAaACQAtgAAAAAAAAIBAAAAAAAAAAUAAAAAAAAAAAAAAAAAAANa},
	bdsk-file-4 = {YnBsaXN0MDDSAQIDBFxyZWxhdGl2ZVBhdGhZYWxpYXNEYXRhXxCOLi4vLi4vLi4vLi4vLi4vUmVzZWFyY2hEb2MvUmVmZXJlbmNlL0JpYkRlc2tBdXRvRmlsZXMvTmFydWxhLlMvTmFydWxhMTk3NGItUHJlZGljdGl2ZSBtZWFuIHNxdWFyZSBlcnJvciBhbmQgc3RvY2hhc3RpYyByZWdyZXNzb3IgdmFyaWFibGVzLnBkZk8RAp4AAAAAAp4AAgAADE1hY2ludG9zaCBIRAAAAAAAAAAAAAAAAAAAAAAAAABCRAAB/////x9OYXJ1bGExOTc0Yi1QcmVkaWMjRkZGRkZGRkYucGRmAAAAAAAAAAAAAAAAAAAAAAAAAAAAAAAAAAAAAAAAAAD/////AAAAAAAAAAAAAAAAAAUABQAACiBjdQAAAAAAAAAAAAAAAAAITmFydWxhLlMAAgCRLzpVc2Vyczp6aGV5YW5nd3U6UmVzZWFyY2hEb2M6UmVmZXJlbmNlOkJpYkRlc2tBdXRvRmlsZXM6TmFydWxhLlM6TmFydWxhMTk3NGItUHJlZGljdGl2ZSBtZWFuIHNxdWFyZSBlcnJvciBhbmQgc3RvY2hhc3RpYyByZWdyZXNzb3IgdmFyaWFibGVzLnBkZgAADgCgAE8ATgBhAHIAdQBsAGEAMQA5ADcANABiAC0AUAByAGUAZABpAGMAdABpAHYAZQAgAG0AZQBhAG4AIABzAHEAdQBhAHIAZQAgAGUAcgByAG8AcgAgAGEAbgBkACAAcwB0AG8AYwBoAGEAcwB0AGkAYwAgAHIAZQBnAHIAZQBzAHMAbwByACAAdgBhAHIAaQBhAGIAbABlAHMALgBwAGQAZgAPABoADABNAGEAYwBpAG4AdABvAHMAaAAgAEgARAASAI9Vc2Vycy96aGV5YW5nd3UvUmVzZWFyY2hEb2MvUmVmZXJlbmNlL0JpYkRlc2tBdXRvRmlsZXMvTmFydWxhLlMvTmFydWxhMTk3NGItUHJlZGljdGl2ZSBtZWFuIHNxdWFyZSBlcnJvciBhbmQgc3RvY2hhc3RpYyByZWdyZXNzb3IgdmFyaWFibGVzLnBkZgAAEwABLwAAFQACABD//wAAAAgADQAaACQAtQAAAAAAAAIBAAAAAAAAAAUAAAAAAAAAAAAAAAAAAANX}}

@article{browne1975comparison,
	author = {Browne, MW},
	date-added = {2022-03-02 11:15:48 -0500},
	date-modified = {2022-03-02 11:16:08 -0500},
	journal = {British Journal of Mathematical and Statistical Psychology},
	keywords = {sample size for prediction},
	number = {1},
	pages = {112--120},
	publisher = {Wiley Online Library},
	title = {A comparison of single sample and cross-validation methods for estimating the mean squared error of prediction in multiple linear regression},
	volume = {28},
	year = {1975},
	bdsk-file-1 = {YnBsaXN0MDDSAQIDBFxyZWxhdGl2ZVBhdGhZYWxpYXNEYXRhXxC9Li4vLi4vLi4vLi4vLi4vUmVzZWFyY2hEb2MvUmVmZXJlbmNlL0JpYkRlc2tBdXRvRmlsZXMvQnJvd25lLk0vQnJvd25lMTk3NXotQSBjb21wYXJpc29uIG9mIHNpbmdsZSBzYW1wbGUgYW5kIGNyb3NzLXZhbGlkYXRpb24gbWV0aG9kcyBmb3IgZXN0aW1hdGluZyB0aGUgbWVhbiBzcXVhcmVkIGVycm9yIG9mIHByZWRpY3Rpb24ucGRmTxEDWAAAAAADWAACAAAMTWFjaW50b3NoIEhEAAAAAAAAAAAAAAAAAAAAAAAAAEJEAAH/////H0Jyb3duZTE5NzV6LUEgY29tcCNGRkZGRkZGRi5wZGYAAAAAAAAAAAAAAAAAAAAAAAAAAAAAAAAAAAAAAAAAAP////8AAAAAAAAAAAAAAAAABQAFAAAKIGN1AAAAAAAAAAAAAAAAAAhCcm93bmUuTQACAMAvOlVzZXJzOnpoZXlhbmd3dTpSZXNlYXJjaERvYzpSZWZlcmVuY2U6QmliRGVza0F1dG9GaWxlczpCcm93bmUuTTpCcm93bmUxOTc1ei1BIGNvbXBhcmlzb24gb2Ygc2luZ2xlIHNhbXBsZSBhbmQgY3Jvc3MtdmFsaWRhdGlvbiBtZXRob2RzIGZvciBlc3RpbWF0aW5nIHRoZSBtZWFuIHNxdWFyZWQgZXJyb3Igb2YgcHJlZGljdGlvbi5wZGYADgD+AH4AQgByAG8AdwBuAGUAMQA5ADcANQB6AC0AQQAgAGMAbwBtAHAAYQByAGkAcwBvAG4AIABvAGYAIABzAGkAbgBnAGwAZQAgAHMAYQBtAHAAbABlACAAYQBuAGQAIABjAHIAbwBzAHMALQB2AGEAbABpAGQAYQB0AGkAbwBuACAAbQBlAHQAaABvAGQAcwAgAGYAbwByACAAZQBzAHQAaQBtAGEAdABpAG4AZwAgAHQAaABlACAAbQBlAGEAbgAgAHMAcQB1AGEAcgBlAGQAIABlAHIAcgBvAHIAIABvAGYAIABwAHIAZQBkAGkAYwB0AGkAbwBuAC4AcABkAGYADwAaAAwATQBhAGMAaQBuAHQAbwBzAGgAIABIAEQAEgC+VXNlcnMvemhleWFuZ3d1L1Jlc2VhcmNoRG9jL1JlZmVyZW5jZS9CaWJEZXNrQXV0b0ZpbGVzL0Jyb3duZS5NL0Jyb3duZTE5NzV6LUEgY29tcGFyaXNvbiBvZiBzaW5nbGUgc2FtcGxlIGFuZCBjcm9zcy12YWxpZGF0aW9uIG1ldGhvZHMgZm9yIGVzdGltYXRpbmcgdGhlIG1lYW4gc3F1YXJlZCBlcnJvciBvZiBwcmVkaWN0aW9uLnBkZgATAAEvAAAVAAIAEP//AAAACAANABoAJADkAAAAAAAAAgEAAAAAAAAABQAAAAAAAAAAAAAAAAAABEA=}}

@article{sawyer1982sample,
	author = {Sawyer, Richard},
	date-added = {2022-02-09 18:39:50 -0500},
	date-modified = {2022-02-09 18:39:59 -0500},
	journal = {Journal of Educational Statistics},
	keywords = {sample size for prediction},
	number = {2},
	pages = {91--104},
	publisher = {Sage Publications Sage CA: Thousand Oaks, CA},
	title = {Sample size and the accuracy of predictions made from multiple regression equations},
	volume = {7},
	year = {1982},
	bdsk-file-1 = {YnBsaXN0MDDSAQIDBFxyZWxhdGl2ZVBhdGhZYWxpYXNEYXRhXxCiLi4vLi4vLi4vLi4vLi4vUmVzZWFyY2hEb2MvUmVmZXJlbmNlL0JpYkRlc2tBdXRvRmlsZXMvU2F3eWVyLlIvU2F3eWVyMTk4MmotU2FtcGxlIHNpemUgYW5kIHRoZSBhY2N1cmFjeSBvZiBwcmVkaWN0aW9ucyBtYWRlIGZyb20gbXVsdGlwbGUgcmVncmVzc2lvbiBlcXVhdGlvbnMucGRmTxEC7gAAAAAC7gACAAAMTWFjaW50b3NoIEhEAAAAAAAAAAAAAAAAAAAAAAAAAEJEAAH/////H1Nhd3llcjE5ODJqLVNhbXBsZSNGRkZGRkZGRi5wZGYAAAAAAAAAAAAAAAAAAAAAAAAAAAAAAAAAAAAAAAAAAP////8AAAAAAAAAAAAAAAAABQAFAAAKIGN1AAAAAAAAAAAAAAAAAAhTYXd5ZXIuUgACAKUvOlVzZXJzOnpoZXlhbmd3dTpSZXNlYXJjaERvYzpSZWZlcmVuY2U6QmliRGVza0F1dG9GaWxlczpTYXd5ZXIuUjpTYXd5ZXIxOTgyai1TYW1wbGUgc2l6ZSBhbmQgdGhlIGFjY3VyYWN5IG9mIHByZWRpY3Rpb25zIG1hZGUgZnJvbSBtdWx0aXBsZSByZWdyZXNzaW9uIGVxdWF0aW9ucy5wZGYAAA4AyABjAFMAYQB3AHkAZQByADEAOQA4ADIAagAtAFMAYQBtAHAAbABlACAAcwBpAHoAZQAgAGEAbgBkACAAdABoAGUAIABhAGMAYwB1AHIAYQBjAHkAIABvAGYAIABwAHIAZQBkAGkAYwB0AGkAbwBuAHMAIABtAGEAZABlACAAZgByAG8AbQAgAG0AdQBsAHQAaQBwAGwAZQAgAHIAZQBnAHIAZQBzAHMAaQBvAG4AIABlAHEAdQBhAHQAaQBvAG4AcwAuAHAAZABmAA8AGgAMAE0AYQBjAGkAbgB0AG8AcwBoACAASABEABIAo1VzZXJzL3poZXlhbmd3dS9SZXNlYXJjaERvYy9SZWZlcmVuY2UvQmliRGVza0F1dG9GaWxlcy9TYXd5ZXIuUi9TYXd5ZXIxOTgyai1TYW1wbGUgc2l6ZSBhbmQgdGhlIGFjY3VyYWN5IG9mIHByZWRpY3Rpb25zIG1hZGUgZnJvbSBtdWx0aXBsZSByZWdyZXNzaW9uIGVxdWF0aW9ucy5wZGYAABMAAS8AABUAAgAQ//8AAAAIAA0AGgAkAMkAAAAAAAACAQAAAAAAAAAFAAAAAAAAAAAAAAAAAAADuw==}}

@article{copas1983regression,
	author = {Copas, John B},
	date-added = {2022-01-26 22:54:21 -0500},
	date-modified = {2022-01-26 22:54:36 -0500},
	journal = {Journal of the Royal Statistical Society: Series B (Methodological)},
	keywords = {sample size for prediction,},
	number = {3},
	pages = {311--335},
	publisher = {Wiley Online Library},
	title = {Regression, prediction and shrinkage},
	volume = {45},
	year = {1983},
	bdsk-file-1 = {YnBsaXN0MDDSAQIDBFxyZWxhdGl2ZVBhdGhZYWxpYXNEYXRhXxBxLi4vLi4vLi4vLi4vLi4vUmVzZWFyY2hEb2MvUmVmZXJlbmNlL0JpYkRlc2tBdXRvRmlsZXMvQ29wYXMuSi9Db3BhczE5ODNoLVJlZ3Jlc3Npb24sIHByZWRpY3Rpb24gYW5kIHNocmlua2FnZS5wZGZPEQIqAAAAAAIqAAIAAAxNYWNpbnRvc2ggSEQAAAAAAAAAAAAAAAAAAAAAAAAAQkQAAf////8fQ29wYXMxOTgzaC1SZWdyZXNzI0ZGRkZGRkZGLnBkZgAAAAAAAAAAAAAAAAAAAAAAAAAAAAAAAAAAAAAAAAAA/////wAAAAAAAAAAAAAAAAAFAAUAAAogY3UAAAAAAAAAAAAAAAAAB0NvcGFzLkoAAAIAdC86VXNlcnM6emhleWFuZ3d1OlJlc2VhcmNoRG9jOlJlZmVyZW5jZTpCaWJEZXNrQXV0b0ZpbGVzOkNvcGFzLko6Q29wYXMxOTgzaC1SZWdyZXNzaW9uLCBwcmVkaWN0aW9uIGFuZCBzaHJpbmthZ2UucGRmAA4AaAAzAEMAbwBwAGEAcwAxADkAOAAzAGgALQBSAGUAZwByAGUAcwBzAGkAbwBuACwAIABwAHIAZQBkAGkAYwB0AGkAbwBuACAAYQBuAGQAIABzAGgAcgBpAG4AawBhAGcAZQAuAHAAZABmAA8AGgAMAE0AYQBjAGkAbgB0AG8AcwBoACAASABEABIAclVzZXJzL3poZXlhbmd3dS9SZXNlYXJjaERvYy9SZWZlcmVuY2UvQmliRGVza0F1dG9GaWxlcy9Db3Bhcy5KL0NvcGFzMTk4M2gtUmVncmVzc2lvbiwgcHJlZGljdGlvbiBhbmQgc2hyaW5rYWdlLnBkZgATAAEvAAAVAAIAEP//AAAACAANABoAJACYAAAAAAAAAgEAAAAAAAAABQAAAAAAAAAAAAAAAAAAAsY=}}

@article{carr1988determining,
	author = {Carr, Meg Brady},
	date-added = {2022-03-02 22:04:37 -0500},
	date-modified = {2022-03-02 22:05:07 -0500},
	journal = {Monthly weather review},
	keywords = {sample size for prediction},
	number = {8},
	pages = {1623--1640},
	title = {Determining the optimum number of predictors for a linear prediction equation},
	volume = {116},
	year = {1988},
	bdsk-file-1 = {YnBsaXN0MDDSAQIDBFxyZWxhdGl2ZVBhdGhZYWxpYXNEYXRhXxCYLi4vLi4vLi4vLi4vLi4vUmVzZWFyY2hEb2MvUmVmZXJlbmNlL0JpYkRlc2tBdXRvRmlsZXMvQ2Fyci5NL0NhcnIxOTg4YS1EZXRlcm1pbmluZyB0aGUgb3B0aW11bSBudW1iZXIgb2YgcHJlZGljdG9ycyBmb3IgYSBsaW5lYXIgcHJlZGljdGlvbiBlcXVhdGlvbi5wZGZPEQLIAAAAAALIAAIAAAxNYWNpbnRvc2ggSEQAAAAAAAAAAAAAAAAAAAAAAAAAQkQAAf////8fQ2FycjE5ODhhLURldGVybWluI0ZGRkZGRkZGLnBkZgAAAAAAAAAAAAAAAAAAAAAAAAAAAAAAAAAAAAAAAAAA/////wAAAAAAAAAAAAAAAAAFAAUAAAogY3UAAAAAAAAAAAAAAAAABkNhcnIuTQACAJsvOlVzZXJzOnpoZXlhbmd3dTpSZXNlYXJjaERvYzpSZWZlcmVuY2U6QmliRGVza0F1dG9GaWxlczpDYXJyLk06Q2FycjE5ODhhLURldGVybWluaW5nIHRoZSBvcHRpbXVtIG51bWJlciBvZiBwcmVkaWN0b3JzIGZvciBhIGxpbmVhciBwcmVkaWN0aW9uIGVxdWF0aW9uLnBkZgAADgC4AFsAQwBhAHIAcgAxADkAOAA4AGEALQBEAGUAdABlAHIAbQBpAG4AaQBuAGcAIAB0AGgAZQAgAG8AcAB0AGkAbQB1AG0AIABuAHUAbQBiAGUAcgAgAG8AZgAgAHAAcgBlAGQAaQBjAHQAbwByAHMAIABmAG8AcgAgAGEAIABsAGkAbgBlAGEAcgAgAHAAcgBlAGQAaQBjAHQAaQBvAG4AIABlAHEAdQBhAHQAaQBvAG4ALgBwAGQAZgAPABoADABNAGEAYwBpAG4AdABvAHMAaAAgAEgARAASAJlVc2Vycy96aGV5YW5nd3UvUmVzZWFyY2hEb2MvUmVmZXJlbmNlL0JpYkRlc2tBdXRvRmlsZXMvQ2Fyci5NL0NhcnIxOTg4YS1EZXRlcm1pbmluZyB0aGUgb3B0aW11bSBudW1iZXIgb2YgcHJlZGljdG9ycyBmb3IgYSBsaW5lYXIgcHJlZGljdGlvbiBlcXVhdGlvbi5wZGYAABMAAS8AABUAAgAQ//8AAAAIAA0AGgAkAL8AAAAAAAACAQAAAAAAAAAFAAAAAAAAAAAAAAAAAAADiw==}}

@article{brooks1994new,
	author = {Brooks, Gordon P and Barcikowski, Robert S},
	date-added = {2022-03-02 17:51:20 -0500},
	date-modified = {2022-03-02 17:51:29 -0500},
	keywords = {sample size for prediction},
	publisher = {ERIC},
	title = {A New Sample Size Formula for Regression.},
	year = {1994},
	bdsk-file-1 = {YnBsaXN0MDDSAQIDBFxyZWxhdGl2ZVBhdGhZYWxpYXNEYXRhXxB4Li4vLi4vLi4vLi4vLi4vUmVzZWFyY2hEb2MvUmVmZXJlbmNlL0JpYkRlc2tBdXRvRmlsZXMvQnJvb2tzLkcvQnJvb2tzMTk5NGwtQSBOZXcgU2FtcGxlIFNpemUgRm9ybXVsYSBmb3IgUmVncmVzc2lvbi4ucGRmTxECRgAAAAACRgACAAAMTWFjaW50b3NoIEhEAAAAAAAAAAAAAAAAAAAAAAAAAEJEAAH/////H0Jyb29rczE5OTRsLUEgTmV3ICNGRkZGRkZGRi5wZGYAAAAAAAAAAAAAAAAAAAAAAAAAAAAAAAAAAAAAAAAAAP////8AAAAAAAAAAAAAAAAABQAFAAAKIGN1AAAAAAAAAAAAAAAAAAhCcm9va3MuRwACAHsvOlVzZXJzOnpoZXlhbmd3dTpSZXNlYXJjaERvYzpSZWZlcmVuY2U6QmliRGVza0F1dG9GaWxlczpCcm9va3MuRzpCcm9va3MxOTk0bC1BIE5ldyBTYW1wbGUgU2l6ZSBGb3JtdWxhIGZvciBSZWdyZXNzaW9uLi5wZGYAAA4AdAA5AEIAcgBvAG8AawBzADEAOQA5ADQAbAAtAEEAIABOAGUAdwAgAFMAYQBtAHAAbABlACAAUwBpAHoAZQAgAEYAbwByAG0AdQBsAGEAIABmAG8AcgAgAFIAZQBnAHIAZQBzAHMAaQBvAG4ALgAuAHAAZABmAA8AGgAMAE0AYQBjAGkAbgB0AG8AcwBoACAASABEABIAeVVzZXJzL3poZXlhbmd3dS9SZXNlYXJjaERvYy9SZWZlcmVuY2UvQmliRGVza0F1dG9GaWxlcy9Ccm9va3MuRy9Ccm9va3MxOTk0bC1BIE5ldyBTYW1wbGUgU2l6ZSBGb3JtdWxhIGZvciBSZWdyZXNzaW9uLi5wZGYAABMAAS8AABUAAgAQ//8AAAAIAA0AGgAkAJ8AAAAAAAACAQAAAAAAAAAFAAAAAAAAAAAAAAAAAAAC6Q==}}

@article{brooks1999precision,
	author = {Brooks, Gordon P and Barcikowski, Robert S},
	date-added = {2022-03-02 18:14:47 -0500},
	date-modified = {2022-03-02 18:15:02 -0500},
	keywords = {sample size for prediction},
	publisher = {ERIC},
	title = {The Precision Efficacy Analysis for Regression Sample Size Method.},
	year = {1999},
	bdsk-file-1 = {YnBsaXN0MDDSAQIDBFxyZWxhdGl2ZVBhdGhZYWxpYXNEYXRhXxCRLi4vLi4vLi4vLi4vLi4vUmVzZWFyY2hEb2MvUmVmZXJlbmNlL0JpYkRlc2tBdXRvRmlsZXMvQnJvb2tzLkcvQnJvb2tzMTk5OW0tVGhlIFByZWNpc2lvbiBFZmZpY2FjeSBBbmFseXNpcyBmb3IgUmVncmVzc2lvbiBTYW1wbGUgU2l6ZSBNZXRob2QuLnBkZk8RAqgAAAAAAqgAAgAADE1hY2ludG9zaCBIRAAAAAAAAAAAAAAAAAAAAAAAAABCRAAB/////x9Ccm9va3MxOTk5bS1UaGUgUHIjRkZGRkZGRkYucGRmAAAAAAAAAAAAAAAAAAAAAAAAAAAAAAAAAAAAAAAAAAD/////AAAAAAAAAAAAAAAAAAUABQAACiBjdQAAAAAAAAAAAAAAAAAIQnJvb2tzLkcAAgCULzpVc2Vyczp6aGV5YW5nd3U6UmVzZWFyY2hEb2M6UmVmZXJlbmNlOkJpYkRlc2tBdXRvRmlsZXM6QnJvb2tzLkc6QnJvb2tzMTk5OW0tVGhlIFByZWNpc2lvbiBFZmZpY2FjeSBBbmFseXNpcyBmb3IgUmVncmVzc2lvbiBTYW1wbGUgU2l6ZSBNZXRob2QuLnBkZgAOAKYAUgBCAHIAbwBvAGsAcwAxADkAOQA5AG0ALQBUAGgAZQAgAFAAcgBlAGMAaQBzAGkAbwBuACAARQBmAGYAaQBjAGEAYwB5ACAAQQBuAGEAbAB5AHMAaQBzACAAZgBvAHIAIABSAGUAZwByAGUAcwBzAGkAbwBuACAAUwBhAG0AcABsAGUAIABTAGkAegBlACAATQBlAHQAaABvAGQALgAuAHAAZABmAA8AGgAMAE0AYQBjAGkAbgB0AG8AcwBoACAASABEABIAklVzZXJzL3poZXlhbmd3dS9SZXNlYXJjaERvYy9SZWZlcmVuY2UvQmliRGVza0F1dG9GaWxlcy9Ccm9va3MuRy9Ccm9va3MxOTk5bS1UaGUgUHJlY2lzaW9uIEVmZmljYWN5IEFuYWx5c2lzIGZvciBSZWdyZXNzaW9uIFNhbXBsZSBTaXplIE1ldGhvZC4ucGRmABMAAS8AABUAAgAQ//8AAAAIAA0AGgAkALgAAAAAAAACAQAAAAAAAAAFAAAAAAAAAAAAAAAAAAADZA==}}

@article{knofczynski2008sample,
	author = {Knofczynski, Gregory T and Mundfrom, Daniel},
	date-added = {2022-02-23 13:41:42 -0500},
	date-modified = {2022-02-23 14:11:20 -0500},
	journal = {Educational and psychological measurement},
	keywords = {sample size for prediction},
	number = {3},
	pages = {431--442},
	publisher = {Sage Publications Sage CA: Los Angeles, CA},
	title = {Sample sizes when using multiple linear regression for prediction},
	volume = {68},
	year = {2008},
	bdsk-file-1 = {YnBsaXN0MDDSAQIDBFxyZWxhdGl2ZVBhdGhZYWxpYXNEYXRhXxCaLi4vLi4vLi4vLi4vLi4vUmVzZWFyY2hEb2MvUmVmZXJlbmNlL0JpYkRlc2tBdXRvRmlsZXMvS25vZmN6eW5za2kuRy9Lbm9mY3p5bnNraTIwMDh1LVNhbXBsZSBzaXplcyB3aGVuIHVzaW5nIG11bHRpcGxlIGxpbmVhciByZWdyZXNzaW9uIGZvciBwcmVkaWN0aW9uLnBkZk8RAsoAAAAAAsoAAgAADE1hY2ludG9zaCBIRAAAAAAAAAAAAAAAAAAAAAAAAABCRAAB/////x9Lbm9mY3p5bnNraTIwMDh1LVMjRkZGRkZGRkYucGRmAAAAAAAAAAAAAAAAAAAAAAAAAAAAAAAAAAAAAAAAAAD/////AAAAAAAAAAAAAAAAAAUABQAACiBjdQAAAAAAAAAAAAAAAAANS25vZmN6eW5za2kuRwAAAgCdLzpVc2Vyczp6aGV5YW5nd3U6UmVzZWFyY2hEb2M6UmVmZXJlbmNlOkJpYkRlc2tBdXRvRmlsZXM6S25vZmN6eW5za2kuRzpLbm9mY3p5bnNraTIwMDh1LVNhbXBsZSBzaXplcyB3aGVuIHVzaW5nIG11bHRpcGxlIGxpbmVhciByZWdyZXNzaW9uIGZvciBwcmVkaWN0aW9uLnBkZgAADgCuAFYASwBuAG8AZgBjAHoAeQBuAHMAawBpADIAMAAwADgAdQAtAFMAYQBtAHAAbABlACAAcwBpAHoAZQBzACAAdwBoAGUAbgAgAHUAcwBpAG4AZwAgAG0AdQBsAHQAaQBwAGwAZQAgAGwAaQBuAGUAYQByACAAcgBlAGcAcgBlAHMAcwBpAG8AbgAgAGYAbwByACAAcAByAGUAZABpAGMAdABpAG8AbgAuAHAAZABmAA8AGgAMAE0AYQBjAGkAbgB0AG8AcwBoACAASABEABIAm1VzZXJzL3poZXlhbmd3dS9SZXNlYXJjaERvYy9SZWZlcmVuY2UvQmliRGVza0F1dG9GaWxlcy9Lbm9mY3p5bnNraS5HL0tub2Zjenluc2tpMjAwOHUtU2FtcGxlIHNpemVzIHdoZW4gdXNpbmcgbXVsdGlwbGUgbGluZWFyIHJlZ3Jlc3Npb24gZm9yIHByZWRpY3Rpb24ucGRmAAATAAEvAAAVAAIAEP//AAAACAANABoAJADBAAAAAAAAAgEAAAAAAAAABQAAAAAAAAAAAAAAAAAAA48=}}

@article{chakraborty2010prediction,
	author = {Chakraborty, Dev P},
	date-added = {2022-02-16 22:14:47 -0500},
	date-modified = {2022-02-16 22:15:17 -0500},
	journal = {Academic radiology},
	keywords = {sample size for prediction,},
	number = {5},
	pages = {628--638},
	publisher = {Elsevier},
	title = {Prediction accuracy of a sample-size estimation method for ROC studies},
	volume = {17},
	year = {2010},
	bdsk-file-1 = {YnBsaXN0MDDSAQIDBFxyZWxhdGl2ZVBhdGhZYWxpYXNEYXRhXxCfLi4vLi4vLi4vLi4vLi4vUmVzZWFyY2hEb2MvUmVmZXJlbmNlL0JpYkRlc2tBdXRvRmlsZXMvQ2hha3JhYm9ydHkuRC9DaGFrcmFib3J0eTIwMTBpLVByZWRpY3Rpb24gYWNjdXJhY3kgb2YgYSBzYW1wbGUtc2l6ZSBlc3RpbWF0aW9uIG1ldGhvZCBmb3IgUk9DIHN0dWRpZXMucGRmTxEC3AAAAAAC3AACAAAMTWFjaW50b3NoIEhEAAAAAAAAAAAAAAAAAAAAAAAAAEJEAAH/////H0NoYWtyYWJvcnR5MjAxMGktUCNGRkZGRkZGRi5wZGYAAAAAAAAAAAAAAAAAAAAAAAAAAAAAAAAAAAAAAAAAAP////8AAAAAAAAAAAAAAAAABQAFAAAKIGN1AAAAAAAAAAAAAAAAAA1DaGFrcmFib3J0eS5EAAACAKIvOlVzZXJzOnpoZXlhbmd3dTpSZXNlYXJjaERvYzpSZWZlcmVuY2U6QmliRGVza0F1dG9GaWxlczpDaGFrcmFib3J0eS5EOkNoYWtyYWJvcnR5MjAxMGktUHJlZGljdGlvbiBhY2N1cmFjeSBvZiBhIHNhbXBsZS1zaXplIGVzdGltYXRpb24gbWV0aG9kIGZvciBST0Mgc3R1ZGllcy5wZGYADgC4AFsAQwBoAGEAawByAGEAYgBvAHIAdAB5ADIAMAAxADAAaQAtAFAAcgBlAGQAaQBjAHQAaQBvAG4AIABhAGMAYwB1AHIAYQBjAHkAIABvAGYAIABhACAAcwBhAG0AcABsAGUALQBzAGkAegBlACAAZQBzAHQAaQBtAGEAdABpAG8AbgAgAG0AZQB0AGgAbwBkACAAZgBvAHIAIABSAE8AQwAgAHMAdAB1AGQAaQBlAHMALgBwAGQAZgAPABoADABNAGEAYwBpAG4AdABvAHMAaAAgAEgARAASAKBVc2Vycy96aGV5YW5nd3UvUmVzZWFyY2hEb2MvUmVmZXJlbmNlL0JpYkRlc2tBdXRvRmlsZXMvQ2hha3JhYm9ydHkuRC9DaGFrcmFib3J0eTIwMTBpLVByZWRpY3Rpb24gYWNjdXJhY3kgb2YgYSBzYW1wbGUtc2l6ZSBlc3RpbWF0aW9uIG1ldGhvZCBmb3IgUk9DIHN0dWRpZXMucGRmABMAAS8AABUAAgAQ//8AAAAIAA0AGgAkAMYAAAAAAAACAQAAAAAAAAAFAAAAAAAAAAAAAAAAAAADpg==}}

@article{figueroa2012predicting,
	author = {Figueroa, Rosa L and Zeng-Treitler, Qing and Kandula, Sasikiran and Ngo, Long H},
	date-added = {2022-02-09 18:33:35 -0500},
	date-modified = {2022-02-09 18:33:50 -0500},
	journal = {BMC medical informatics and decision making},
	keywords = {sample size for prediction,},
	number = {1},
	pages = {1--10},
	publisher = {Springer},
	title = {Predicting sample size required for classification performance},
	volume = {12},
	year = {2012},
	bdsk-file-1 = {YnBsaXN0MDDSAQIDBFxyZWxhdGl2ZVBhdGhZYWxpYXNEYXRhXxCRLi4vLi4vLi4vLi4vLi4vUmVzZWFyY2hEb2MvUmVmZXJlbmNlL0JpYkRlc2tBdXRvRmlsZXMvRmlndWVyb2EuUi9GaWd1ZXJvYTIwMTJ0LVByZWRpY3Rpbmcgc2FtcGxlIHNpemUgcmVxdWlyZWQgZm9yIGNsYXNzaWZpY2F0aW9uIHBlcmZvcm1hbmNlLnBkZk8RAqYAAAAAAqYAAgAADE1hY2ludG9zaCBIRAAAAAAAAAAAAAAAAAAAAAAAAABCRAAB/////x9GaWd1ZXJvYTIwMTJ0LVByZWQjRkZGRkZGRkYucGRmAAAAAAAAAAAAAAAAAAAAAAAAAAAAAAAAAAAAAAAAAAD/////AAAAAAAAAAAAAAAAAAUABQAACiBjdQAAAAAAAAAAAAAAAAAKRmlndWVyb2EuUgACAJQvOlVzZXJzOnpoZXlhbmd3dTpSZXNlYXJjaERvYzpSZWZlcmVuY2U6QmliRGVza0F1dG9GaWxlczpGaWd1ZXJvYS5SOkZpZ3Vlcm9hMjAxMnQtUHJlZGljdGluZyBzYW1wbGUgc2l6ZSByZXF1aXJlZCBmb3IgY2xhc3NpZmljYXRpb24gcGVyZm9ybWFuY2UucGRmAA4AogBQAEYAaQBnAHUAZQByAG8AYQAyADAAMQAyAHQALQBQAHIAZQBkAGkAYwB0AGkAbgBnACAAcwBhAG0AcABsAGUAIABzAGkAegBlACAAcgBlAHEAdQBpAHIAZQBkACAAZgBvAHIAIABjAGwAYQBzAHMAaQBmAGkAYwBhAHQAaQBvAG4AIABwAGUAcgBmAG8AcgBtAGEAbgBjAGUALgBwAGQAZgAPABoADABNAGEAYwBpAG4AdABvAHMAaAAgAEgARAASAJJVc2Vycy96aGV5YW5nd3UvUmVzZWFyY2hEb2MvUmVmZXJlbmNlL0JpYkRlc2tBdXRvRmlsZXMvRmlndWVyb2EuUi9GaWd1ZXJvYTIwMTJ0LVByZWRpY3Rpbmcgc2FtcGxlIHNpemUgcmVxdWlyZWQgZm9yIGNsYXNzaWZpY2F0aW9uIHBlcmZvcm1hbmNlLnBkZgATAAEvAAAVAAIAEP//AAAACAANABoAJAC4AAAAAAAAAgEAAAAAAAAABQAAAAAAAAAAAAAAAAAAA2I=}}

@article{van2014modern,
	author = {van der Ploeg, Tjeerd and Austin, Peter C and Steyerberg, Ewout W},
	date-added = {2021-11-24 23:15:03 -0500},
	date-modified = {2021-11-24 23:16:00 -0500},
	journal = {BMC medical research methodology},
	keywords = {sample size for prediction},
	number = {1},
	pages = {1--13},
	publisher = {BioMed Central},
	title = {Modern modelling techniques are data hungry: a simulation study for predicting dichotomous endpoints},
	volume = {14},
	year = {2014},
	bdsk-file-1 = {YnBsaXN0MDDSAQIDBFxyZWxhdGl2ZVBhdGhZYWxpYXNEYXRhXxCwLi4vLi4vLi4vLi4vLi4vUmVzZWFyY2hEb2MvUmVmZXJlbmNlL0JpYkRlc2tBdXRvRmlsZXMvUGxvZWcuVC9QbG9lZzIwMTRnLU1vZGVybiBtb2RlbGxpbmcgdGVjaG5pcXVlcyBhcmUgZGF0YSBodW5ncnkgYSBzaW11bGF0aW9uIHN0dWR5IGZvciBwcmVkaWN0aW5nIGRpY2hvdG9tb3VzIGVuZHBvaW50cy5wZGZPEQMoAAAAAAMoAAIAAAxNYWNpbnRvc2ggSEQAAAAAAAAAAAAAAAAAAAAAAAAAQkQAAf////8fUGxvZWcyMDE0Zy1Nb2Rlcm4gI0ZGRkZGRkZGLnBkZgAAAAAAAAAAAAAAAAAAAAAAAAAAAAAAAAAAAAAAAAAA/////wAAAAAAAAAAAAAAAAAFAAUAAAogY3UAAAAAAAAAAAAAAAAAB1Bsb2VnLlQAAAIAsy86VXNlcnM6emhleWFuZ3d1OlJlc2VhcmNoRG9jOlJlZmVyZW5jZTpCaWJEZXNrQXV0b0ZpbGVzOlBsb2VnLlQ6UGxvZWcyMDE0Zy1Nb2Rlcm4gbW9kZWxsaW5nIHRlY2huaXF1ZXMgYXJlIGRhdGEgaHVuZ3J5IGEgc2ltdWxhdGlvbiBzdHVkeSBmb3IgcHJlZGljdGluZyBkaWNob3RvbW91cyBlbmRwb2ludHMucGRmAAAOAOYAcgBQAGwAbwBlAGcAMgAwADEANABnAC0ATQBvAGQAZQByAG4AIABtAG8AZABlAGwAbABpAG4AZwAgAHQAZQBjAGgAbgBpAHEAdQBlAHMAIABhAHIAZQAgAGQAYQB0AGEAIABoAHUAbgBnAHIAeQAgAGEAIABzAGkAbQB1AGwAYQB0AGkAbwBuACAAcwB0AHUAZAB5ACAAZgBvAHIAIABwAHIAZQBkAGkAYwB0AGkAbgBnACAAZABpAGMAaABvAHQAbwBtAG8AdQBzACAAZQBuAGQAcABvAGkAbgB0AHMALgBwAGQAZgAPABoADABNAGEAYwBpAG4AdABvAHMAaAAgAEgARAASALFVc2Vycy96aGV5YW5nd3UvUmVzZWFyY2hEb2MvUmVmZXJlbmNlL0JpYkRlc2tBdXRvRmlsZXMvUGxvZWcuVC9QbG9lZzIwMTRnLU1vZGVybiBtb2RlbGxpbmcgdGVjaG5pcXVlcyBhcmUgZGF0YSBodW5ncnkgYSBzaW11bGF0aW9uIHN0dWR5IGZvciBwcmVkaWN0aW5nIGRpY2hvdG9tb3VzIGVuZHBvaW50cy5wZGYAABMAAS8AABUAAgAQ//8AAAAIAA0AGgAkANcAAAAAAAACAQAAAAAAAAAFAAAAAAAAAAAAAAAAAAAEAw==}}

@article{son2015practical,
	author = {Son, Dae-Soon and Lee, DongHyuk and Lee, Kyusang and Jung, Sin-Ho and Ahn, Taejin and Lee, Eunjin and Sohn, Insuk and Chung, Jongsuk and Park, Woongyang and Huh, Nam and others},
	date-added = {2021-11-24 23:09:22 -0500},
	date-modified = {2021-11-24 23:09:29 -0500},
	journal = {Journal of biomedical informatics},
	keywords = {sample size for prediction},
	pages = {355--362},
	publisher = {Elsevier},
	title = {Practical approach to determine sample size for building logistic prediction models using high-throughput data},
	volume = {53},
	year = {2015},
	bdsk-file-1 = {YnBsaXN0MDDSAQIDBFxyZWxhdGl2ZVBhdGhZYWxpYXNEYXRhXxCiLi4vLi4vLi4vLi4vLi4vUmVzZWFyY2hEb2MvUmVmZXJlbmNlL0JpYkRlc2tBdXRvRmlsZXMvU29uLkQvU29uMjAxNWYtUHJhY3RpY2FsIGFwcHJvYWNoIHRvIGRldGVybWluZSBzYW1wbGUgc2l6ZSBmb3IgYnVpbGRpbmcgbG9naXN0aWMgcHJlZGljdGlvbiBtb2RlbHMgdXNpbmcucGRmTxEC8gAAAAAC8gACAAAMTWFjaW50b3NoIEhEAAAAAAAAAAAAAAAAAAAAAAAAAEJEAAH/////H1NvbjIwMTVmLVByYWN0aWNhbCNGRkZGRkZGRi5wZGYAAAAAAAAAAAAAAAAAAAAAAAAAAAAAAAAAAAAAAAAAAP////8AAAAAAAAAAAAAAAAABQAFAAAKIGN1AAAAAAAAAAAAAAAAAAVTb24uRAAAAgClLzpVc2Vyczp6aGV5YW5nd3U6UmVzZWFyY2hEb2M6UmVmZXJlbmNlOkJpYkRlc2tBdXRvRmlsZXM6U29uLkQ6U29uMjAxNWYtUHJhY3RpY2FsIGFwcHJvYWNoIHRvIGRldGVybWluZSBzYW1wbGUgc2l6ZSBmb3IgYnVpbGRpbmcgbG9naXN0aWMgcHJlZGljdGlvbiBtb2RlbHMgdXNpbmcucGRmAAAOAM4AZgBTAG8AbgAyADAAMQA1AGYALQBQAHIAYQBjAHQAaQBjAGEAbAAgAGEAcABwAHIAbwBhAGMAaAAgAHQAbwAgAGQAZQB0AGUAcgBtAGkAbgBlACAAcwBhAG0AcABsAGUAIABzAGkAegBlACAAZgBvAHIAIABiAHUAaQBsAGQAaQBuAGcAIABsAG8AZwBpAHMAdABpAGMAIABwAHIAZQBkAGkAYwB0AGkAbwBuACAAbQBvAGQAZQBsAHMAIAB1AHMAaQBuAGcALgBwAGQAZgAPABoADABNAGEAYwBpAG4AdABvAHMAaAAgAEgARAASAKNVc2Vycy96aGV5YW5nd3UvUmVzZWFyY2hEb2MvUmVmZXJlbmNlL0JpYkRlc2tBdXRvRmlsZXMvU29uLkQvU29uMjAxNWYtUHJhY3RpY2FsIGFwcHJvYWNoIHRvIGRldGVybWluZSBzYW1wbGUgc2l6ZSBmb3IgYnVpbGRpbmcgbG9naXN0aWMgcHJlZGljdGlvbiBtb2RlbHMgdXNpbmcucGRmAAATAAEvAAAVAAIAEP//AAAACAANABoAJADJAAAAAAAAAgEAAAAAAAAABQAAAAAAAAAAAAAAAAAAA78=}}

@article{ogundimu2016adequate,
	author = {Ogundimu, Emmanuel O and Altman, Douglas G and Collins, Gary S},
	date-added = {2021-11-24 22:52:15 -0500},
	date-modified = {2021-11-24 22:52:27 -0500},
	journal = {Journal of clinical epidemiology},
	keywords = {sample size for prediction},
	pages = {175--182},
	publisher = {Elsevier},
	title = {Adequate sample size for developing prediction models is not simply related to events per variable},
	volume = {76},
	year = {2016},
	bdsk-file-1 = {YnBsaXN0MDDSAQIDBFxyZWxhdGl2ZVBhdGhZYWxpYXNEYXRhXxC1Li4vLi4vLi4vLi4vLi4vUmVzZWFyY2hEb2MvUmVmZXJlbmNlL0JpYkRlc2tBdXRvRmlsZXMvT2d1bmRpbXUuRS9PZ3VuZGltdTIwMTZhLUFkZXF1YXRlIHNhbXBsZSBzaXplIGZvciBkZXZlbG9waW5nIHByZWRpY3Rpb24gbW9kZWxzIGlzIG5vdCBzaW1wbHkgcmVsYXRlZCB0byBldmVudHMgcGVyIHZhcmlhYmxlLnBkZk8RAzYAAAAAAzYAAgAADE1hY2ludG9zaCBIRAAAAAAAAAAAAAAAAAAAAAAAAABCRAAB/////x9PZ3VuZGltdTIwMTZhLUFkZXEjRkZGRkZGRkYucGRmAAAAAAAAAAAAAAAAAAAAAAAAAAAAAAAAAAAAAAAAAAD/////AAAAAAAAAAAAAAAAAAUABQAACiBjdQAAAAAAAAAAAAAAAAAKT2d1bmRpbXUuRQACALgvOlVzZXJzOnpoZXlhbmd3dTpSZXNlYXJjaERvYzpSZWZlcmVuY2U6QmliRGVza0F1dG9GaWxlczpPZ3VuZGltdS5FOk9ndW5kaW11MjAxNmEtQWRlcXVhdGUgc2FtcGxlIHNpemUgZm9yIGRldmVsb3BpbmcgcHJlZGljdGlvbiBtb2RlbHMgaXMgbm90IHNpbXBseSByZWxhdGVkIHRvIGV2ZW50cyBwZXIgdmFyaWFibGUucGRmAA4A6gB0AE8AZwB1AG4AZABpAG0AdQAyADAAMQA2AGEALQBBAGQAZQBxAHUAYQB0AGUAIABzAGEAbQBwAGwAZQAgAHMAaQB6AGUAIABmAG8AcgAgAGQAZQB2AGUAbABvAHAAaQBuAGcAIABwAHIAZQBkAGkAYwB0AGkAbwBuACAAbQBvAGQAZQBsAHMAIABpAHMAIABuAG8AdAAgAHMAaQBtAHAAbAB5ACAAcgBlAGwAYQB0AGUAZAAgAHQAbwAgAGUAdgBlAG4AdABzACAAcABlAHIAIAB2AGEAcgBpAGEAYgBsAGUALgBwAGQAZgAPABoADABNAGEAYwBpAG4AdABvAHMAaAAgAEgARAASALZVc2Vycy96aGV5YW5nd3UvUmVzZWFyY2hEb2MvUmVmZXJlbmNlL0JpYkRlc2tBdXRvRmlsZXMvT2d1bmRpbXUuRS9PZ3VuZGltdTIwMTZhLUFkZXF1YXRlIHNhbXBsZSBzaXplIGZvciBkZXZlbG9waW5nIHByZWRpY3Rpb24gbW9kZWxzIGlzIG5vdCBzaW1wbHkgcmVsYXRlZCB0byBldmVudHMgcGVyIHZhcmlhYmxlLnBkZgATAAEvAAAVAAIAEP//AAAACAANABoAJADcAAAAAAAAAgEAAAAAAAAABQAAAAAAAAAAAAAAAAAABBY=}}

@article{harari2018computer,
	author = {Harari, Ofir and Bingham, Derek and Dean, Angela and Higdon, Dave},
	date-added = {2022-02-16 22:11:34 -0500},
	date-modified = {2022-02-16 22:11:43 -0500},
	journal = {Statistica Sinica},
	keywords = {sample size for prediction},
	pages = {899--919},
	publisher = {JSTOR},
	title = {Computer experiments: Prediction accuracy, sample size and model complexity revisited},
	year = {2018},
	bdsk-file-1 = {YnBsaXN0MDDSAQIDBFxyZWxhdGl2ZVBhdGhZYWxpYXNEYXRhXxCjLi4vLi4vLi4vLi4vLi4vUmVzZWFyY2hEb2MvUmVmZXJlbmNlL0JpYkRlc2tBdXRvRmlsZXMvSGFyYXJpLk8vSGFyYXJpMjAxOGYtQ29tcHV0ZXIgZXhwZXJpbWVudHMgUHJlZGljdGlvbiBhY2N1cmFjeSwgc2FtcGxlIHNpemUgYW5kIG1vZGVsIGNvbXBsZXhpdHkgcmV2aXNpdGVkLnBkZk8RAvAAAAAAAvAAAgAADE1hY2ludG9zaCBIRAAAAAAAAAAAAAAAAAAAAAAAAABCRAAB/////x9IYXJhcmkyMDE4Zi1Db21wdXQjRkZGRkZGRkYucGRmAAAAAAAAAAAAAAAAAAAAAAAAAAAAAAAAAAAAAAAAAAD/////AAAAAAAAAAAAAAAAAAUABQAACiBjdQAAAAAAAAAAAAAAAAAISGFyYXJpLk8AAgCmLzpVc2Vyczp6aGV5YW5nd3U6UmVzZWFyY2hEb2M6UmVmZXJlbmNlOkJpYkRlc2tBdXRvRmlsZXM6SGFyYXJpLk86SGFyYXJpMjAxOGYtQ29tcHV0ZXIgZXhwZXJpbWVudHMgUHJlZGljdGlvbiBhY2N1cmFjeSwgc2FtcGxlIHNpemUgYW5kIG1vZGVsIGNvbXBsZXhpdHkgcmV2aXNpdGVkLnBkZgAOAMoAZABIAGEAcgBhAHIAaQAyADAAMQA4AGYALQBDAG8AbQBwAHUAdABlAHIAIABlAHgAcABlAHIAaQBtAGUAbgB0AHMAIABQAHIAZQBkAGkAYwB0AGkAbwBuACAAYQBjAGMAdQByAGEAYwB5ACwAIABzAGEAbQBwAGwAZQAgAHMAaQB6AGUAIABhAG4AZAAgAG0AbwBkAGUAbAAgAGMAbwBtAHAAbABlAHgAaQB0AHkAIAByAGUAdgBpAHMAaQB0AGUAZAAuAHAAZABmAA8AGgAMAE0AYQBjAGkAbgB0AG8AcwBoACAASABEABIApFVzZXJzL3poZXlhbmd3dS9SZXNlYXJjaERvYy9SZWZlcmVuY2UvQmliRGVza0F1dG9GaWxlcy9IYXJhcmkuTy9IYXJhcmkyMDE4Zi1Db21wdXRlciBleHBlcmltZW50cyBQcmVkaWN0aW9uIGFjY3VyYWN5LCBzYW1wbGUgc2l6ZSBhbmQgbW9kZWwgY29tcGxleGl0eSByZXZpc2l0ZWQucGRmABMAAS8AABUAAgAQ//8AAAAIAA0AGgAkAMoAAAAAAAACAQAAAAAAAAAFAAAAAAAAAAAAAAAAAAADvg==}}

@article{van2019sample,
	author = {van Smeden, Maarten and Moons, Karel GM and de Groot, Joris AH and Collins, Gary S and Altman, Douglas G and Eijkemans, Marinus JC and Reitsma, Johannes B},
	date-added = {2021-11-24 23:00:16 -0500},
	date-modified = {2022-01-26 08:10:49 -0500},
	journal = {Statistical methods in medical research},
	keywords = {sample size for prediction,},
	number = {8},
	pages = {2455--2474},
	publisher = {SAGE Publications Sage UK: London, England},
	title = {Sample size for binary logistic prediction models: beyond events per variable criteria},
	volume = {28},
	year = {2019},
	bdsk-file-1 = {YnBsaXN0MDDSAQIDBFxyZWxhdGl2ZVBhdGhZYWxpYXNEYXRhXxCkLi4vLi4vLi4vLi4vLi4vUmVzZWFyY2hEb2MvUmVmZXJlbmNlL0JpYkRlc2tBdXRvRmlsZXMvU21lZGVuLk0vU21lZGVuMjAxOWEtU2FtcGxlIHNpemUgZm9yIGJpbmFyeSBsb2dpc3RpYyBwcmVkaWN0aW9uIG1vZGVscyBiZXlvbmQgZXZlbnRzIHBlciB2YXJpYWJsZSBjcml0ZXJpYS5wZGZPEQL2AAAAAAL2AAIAAAxNYWNpbnRvc2ggSEQAAAAAAAAAAAAAAAAAAAAAAAAAQkQAAf////8fU21lZGVuMjAxOWEtU2FtcGxlI0ZGRkZGRkZGLnBkZgAAAAAAAAAAAAAAAAAAAAAAAAAAAAAAAAAAAAAAAAAA/////wAAAAAAAAAAAAAAAAAFAAUAAAogY3UAAAAAAAAAAAAAAAAACFNtZWRlbi5NAAIApy86VXNlcnM6emhleWFuZ3d1OlJlc2VhcmNoRG9jOlJlZmVyZW5jZTpCaWJEZXNrQXV0b0ZpbGVzOlNtZWRlbi5NOlNtZWRlbjIwMTlhLVNhbXBsZSBzaXplIGZvciBiaW5hcnkgbG9naXN0aWMgcHJlZGljdGlvbiBtb2RlbHMgYmV5b25kIGV2ZW50cyBwZXIgdmFyaWFibGUgY3JpdGVyaWEucGRmAAAOAMwAZQBTAG0AZQBkAGUAbgAyADAAMQA5AGEALQBTAGEAbQBwAGwAZQAgAHMAaQB6AGUAIABmAG8AcgAgAGIAaQBuAGEAcgB5ACAAbABvAGcAaQBzAHQAaQBjACAAcAByAGUAZABpAGMAdABpAG8AbgAgAG0AbwBkAGUAbABzACAAYgBlAHkAbwBuAGQAIABlAHYAZQBuAHQAcwAgAHAAZQByACAAdgBhAHIAaQBhAGIAbABlACAAYwByAGkAdABlAHIAaQBhAC4AcABkAGYADwAaAAwATQBhAGMAaQBuAHQAbwBzAGgAIABIAEQAEgClVXNlcnMvemhleWFuZ3d1L1Jlc2VhcmNoRG9jL1JlZmVyZW5jZS9CaWJEZXNrQXV0b0ZpbGVzL1NtZWRlbi5NL1NtZWRlbjIwMTlhLVNhbXBsZSBzaXplIGZvciBiaW5hcnkgbG9naXN0aWMgcHJlZGljdGlvbiBtb2RlbHMgYmV5b25kIGV2ZW50cyBwZXIgdmFyaWFibGUgY3JpdGVyaWEucGRmAAATAAEvAAAVAAIAEP//AAAACAANABoAJADLAAAAAAAAAgEAAAAAAAAABQAAAAAAAAAAAAAAAAAAA8U=},
	bdsk-file-2 = {YnBsaXN0MDDSAQIDBFxyZWxhdGl2ZVBhdGhZYWxpYXNEYXRhXxCkLi4vLi4vLi4vLi4vLi4vUmVzZWFyY2hEb2MvUmVmZXJlbmNlL0JpYkRlc2tBdXRvRmlsZXMvU21lZGVuLk0vU21lZGVuMjAxOWItU2FtcGxlIHNpemUgZm9yIGJpbmFyeSBsb2dpc3RpYyBwcmVkaWN0aW9uIG1vZGVscyBiZXlvbmQgZXZlbnRzIHBlciB2YXJpYWJsZSBjcml0ZXJpYS5wZGZPEQL2AAAAAAL2AAIAAAxNYWNpbnRvc2ggSEQAAAAAAAAAAAAAAAAAAAAAAAAAQkQAAf////8fU21lZGVuMjAxOWItU2FtcGxlI0ZGRkZGRkZGLnBkZgAAAAAAAAAAAAAAAAAAAAAAAAAAAAAAAAAAAAAAAAAA/////wAAAAAAAAAAAAAAAAAFAAUAAAogY3UAAAAAAAAAAAAAAAAACFNtZWRlbi5NAAIApy86VXNlcnM6emhleWFuZ3d1OlJlc2VhcmNoRG9jOlJlZmVyZW5jZTpCaWJEZXNrQXV0b0ZpbGVzOlNtZWRlbi5NOlNtZWRlbjIwMTliLVNhbXBsZSBzaXplIGZvciBiaW5hcnkgbG9naXN0aWMgcHJlZGljdGlvbiBtb2RlbHMgYmV5b25kIGV2ZW50cyBwZXIgdmFyaWFibGUgY3JpdGVyaWEucGRmAAAOAMwAZQBTAG0AZQBkAGUAbgAyADAAMQA5AGIALQBTAGEAbQBwAGwAZQAgAHMAaQB6AGUAIABmAG8AcgAgAGIAaQBuAGEAcgB5ACAAbABvAGcAaQBzAHQAaQBjACAAcAByAGUAZABpAGMAdABpAG8AbgAgAG0AbwBkAGUAbABzACAAYgBlAHkAbwBuAGQAIABlAHYAZQBuAHQAcwAgAHAAZQByACAAdgBhAHIAaQBhAGIAbABlACAAYwByAGkAdABlAHIAaQBhAC4AcABkAGYADwAaAAwATQBhAGMAaQBuAHQAbwBzAGgAIABIAEQAEgClVXNlcnMvemhleWFuZ3d1L1Jlc2VhcmNoRG9jL1JlZmVyZW5jZS9CaWJEZXNrQXV0b0ZpbGVzL1NtZWRlbi5NL1NtZWRlbjIwMTliLVNhbXBsZSBzaXplIGZvciBiaW5hcnkgbG9naXN0aWMgcHJlZGljdGlvbiBtb2RlbHMgYmV5b25kIGV2ZW50cyBwZXIgdmFyaWFibGUgY3JpdGVyaWEucGRmAAATAAEvAAAVAAIAEP//AAAACAANABoAJADLAAAAAAAAAgEAAAAAAAAABQAAAAAAAAAAAAAAAAAAA8U=}}

@article{riley2019minimums,
	author = {Riley, Richard D and Snell, Kym IE and Ensor, Joie and Burke, Danielle L and Harrell Jr, Frank E and Moons, Karel GM and Collins, Gary S},
	date-added = {2021-11-24 22:27:39 -0500},
	date-modified = {2022-01-07 18:20:19 -0500},
	journal = {Statistics in medicine},
	keywords = {sample size for prediction, prediction},
	number = {7},
	pages = {1276--1296},
	publisher = {Wiley Online Library},
	title = {Minimum sample size for developing a multivariable prediction model: PART II-binary and time-to-event outcomes},
	volume = {38},
	year = {2019},
	bdsk-file-1 = {YnBsaXN0MDDSAQIDBFxyZWxhdGl2ZVBhdGhZYWxpYXNEYXRhXxCxLi4vLi4vLi4vLi4vLi4vUmVzZWFyY2hEb2MvUmVmZXJlbmNlL0JpYkRlc2tBdXRvRmlsZXMvUmlsZXkuUi9SaWxleTIwMTl5LU1pbmltdW0gc2FtcGxlIHNpemUgZm9yIGRldmVsb3BpbmcgYSBtdWx0aXZhcmlhYmxlIHByZWRpY3Rpb24gbW9kZWwgUEFSVCBJSS1iaW5hcnkgYW5kIHRpbWUtdG8tZXZlbnQucGRmTxEDKgAAAAADKgACAAAMTWFjaW50b3NoIEhEAAAAAAAAAAAAAAAAAAAAAAAAAEJEAAH/////H1JpbGV5MjAxOXktTWluaW11bSNGRkZGRkZGRi5wZGYAAAAAAAAAAAAAAAAAAAAAAAAAAAAAAAAAAAAAAAAAAP////8AAAAAAAAAAAAAAAAABQAFAAAKIGN1AAAAAAAAAAAAAAAAAAdSaWxleS5SAAACALQvOlVzZXJzOnpoZXlhbmd3dTpSZXNlYXJjaERvYzpSZWZlcmVuY2U6QmliRGVza0F1dG9GaWxlczpSaWxleS5SOlJpbGV5MjAxOXktTWluaW11bSBzYW1wbGUgc2l6ZSBmb3IgZGV2ZWxvcGluZyBhIG11bHRpdmFyaWFibGUgcHJlZGljdGlvbiBtb2RlbCBQQVJUIElJLWJpbmFyeSBhbmQgdGltZS10by1ldmVudC5wZGYADgDoAHMAUgBpAGwAZQB5ADIAMAAxADkAeQAtAE0AaQBuAGkAbQB1AG0AIABzAGEAbQBwAGwAZQAgAHMAaQB6AGUAIABmAG8AcgAgAGQAZQB2AGUAbABvAHAAaQBuAGcAIABhACAAbQB1AGwAdABpAHYAYQByAGkAYQBiAGwAZQAgAHAAcgBlAGQAaQBjAHQAaQBvAG4AIABtAG8AZABlAGwAIABQAEEAUgBUACAASQBJAC0AYgBpAG4AYQByAHkAIABhAG4AZAAgAHQAaQBtAGUALQB0AG8ALQBlAHYAZQBuAHQALgBwAGQAZgAPABoADABNAGEAYwBpAG4AdABvAHMAaAAgAEgARAASALJVc2Vycy96aGV5YW5nd3UvUmVzZWFyY2hEb2MvUmVmZXJlbmNlL0JpYkRlc2tBdXRvRmlsZXMvUmlsZXkuUi9SaWxleTIwMTl5LU1pbmltdW0gc2FtcGxlIHNpemUgZm9yIGRldmVsb3BpbmcgYSBtdWx0aXZhcmlhYmxlIHByZWRpY3Rpb24gbW9kZWwgUEFSVCBJSS1iaW5hcnkgYW5kIHRpbWUtdG8tZXZlbnQucGRmABMAAS8AABUAAgAQ//8AAAAIAA0AGgAkANgAAAAAAAACAQAAAAAAAAAFAAAAAAAAAAAAAAAAAAAEBg==},
	bdsk-file-2 = {YnBsaXN0MDDSAQIDBFxyZWxhdGl2ZVBhdGhZYWxpYXNEYXRhXxCxLi4vLi4vLi4vLi4vLi4vUmVzZWFyY2hEb2MvUmVmZXJlbmNlL0JpYkRlc2tBdXRvRmlsZXMvUmlsZXkuUi9SaWxleTIwMTlhLU1pbmltdW0gc2FtcGxlIHNpemUgZm9yIGRldmVsb3BpbmcgYSBtdWx0aXZhcmlhYmxlIHByZWRpY3Rpb24gbW9kZWwgUEFSVCBJSS1iaW5hcnkgYW5kIHRpbWUtdG8tZXZlbnQucGRmTxEDKgAAAAADKgACAAAMTWFjaW50b3NoIEhEAAAAAAAAAAAAAAAAAAAAAAAAAEJEAAH/////H1JpbGV5MjAxOWEtTWluaW11bSNGRkZGRkZGRi5wZGYAAAAAAAAAAAAAAAAAAAAAAAAAAAAAAAAAAAAAAAAAAP////8AAAAAAAAAAAAAAAAABQAFAAAKIGN1AAAAAAAAAAAAAAAAAAdSaWxleS5SAAACALQvOlVzZXJzOnpoZXlhbmd3dTpSZXNlYXJjaERvYzpSZWZlcmVuY2U6QmliRGVza0F1dG9GaWxlczpSaWxleS5SOlJpbGV5MjAxOWEtTWluaW11bSBzYW1wbGUgc2l6ZSBmb3IgZGV2ZWxvcGluZyBhIG11bHRpdmFyaWFibGUgcHJlZGljdGlvbiBtb2RlbCBQQVJUIElJLWJpbmFyeSBhbmQgdGltZS10by1ldmVudC5wZGYADgDoAHMAUgBpAGwAZQB5ADIAMAAxADkAYQAtAE0AaQBuAGkAbQB1AG0AIABzAGEAbQBwAGwAZQAgAHMAaQB6AGUAIABmAG8AcgAgAGQAZQB2AGUAbABvAHAAaQBuAGcAIABhACAAbQB1AGwAdABpAHYAYQByAGkAYQBiAGwAZQAgAHAAcgBlAGQAaQBjAHQAaQBvAG4AIABtAG8AZABlAGwAIABQAEEAUgBUACAASQBJAC0AYgBpAG4AYQByAHkAIABhAG4AZAAgAHQAaQBtAGUALQB0AG8ALQBlAHYAZQBuAHQALgBwAGQAZgAPABoADABNAGEAYwBpAG4AdABvAHMAaAAgAEgARAASALJVc2Vycy96aGV5YW5nd3UvUmVzZWFyY2hEb2MvUmVmZXJlbmNlL0JpYkRlc2tBdXRvRmlsZXMvUmlsZXkuUi9SaWxleTIwMTlhLU1pbmltdW0gc2FtcGxlIHNpemUgZm9yIGRldmVsb3BpbmcgYSBtdWx0aXZhcmlhYmxlIHByZWRpY3Rpb24gbW9kZWwgUEFSVCBJSS1iaW5hcnkgYW5kIHRpbWUtdG8tZXZlbnQucGRmABMAAS8AABUAAgAQ//8AAAAIAA0AGgAkANgAAAAAAAACAQAAAAAAAAAFAAAAAAAAAAAAAAAAAAAEBg==}}

@article{riley2019minimum,
	author = {Riley, Richard D and Snell, Kym IE and Ensor, Joie and Burke, Danielle L and Harrell Jr, Frank E and Moons, Karel GM and Collins, Gary S},
	date-added = {2021-11-24 22:21:43 -0500},
	date-modified = {2022-01-07 18:20:12 -0500},
	journal = {Statistics in medicine},
	keywords = {sample size for prediction, prediction},
	number = {7},
	pages = {1262--1275},
	publisher = {Wiley Online Library},
	title = {Minimum sample size for developing a multivariable prediction model: Part I--Continuous outcomes},
	volume = {38},
	year = {2019},
	bdsk-file-1 = {YnBsaXN0MDDSAQIDBFxyZWxhdGl2ZVBhdGhZYWxpYXNEYXRhXxCsLi4vLi4vLi4vLi4vLi4vUmVzZWFyY2hEb2MvUmVmZXJlbmNlL0JpYkRlc2tBdXRvRmlsZXMvUmlsZXkuUi9SaWxleTIwMTlrLU1pbmltdW0gc2FtcGxlIHNpemUgZm9yIGRldmVsb3BpbmcgYSBtdWx0aXZhcmlhYmxlIHByZWRpY3Rpb24gbW9kZWwgUGFydCBJLS1Db250aW51b3VzIG91dGNvbWVzLnBkZk8RAxgAAAAAAxgAAgAADE1hY2ludG9zaCBIRAAAAAAAAAAAAAAAAAAAAAAAAABCRAAB/////x9SaWxleTIwMTlrLU1pbmltdW0jRkZGRkZGRkYucGRmAAAAAAAAAAAAAAAAAAAAAAAAAAAAAAAAAAAAAAAAAAD/////AAAAAAAAAAAAAAAAAAUABQAACiBjdQAAAAAAAAAAAAAAAAAHUmlsZXkuUgAAAgCvLzpVc2Vyczp6aGV5YW5nd3U6UmVzZWFyY2hEb2M6UmVmZXJlbmNlOkJpYkRlc2tBdXRvRmlsZXM6UmlsZXkuUjpSaWxleTIwMTlrLU1pbmltdW0gc2FtcGxlIHNpemUgZm9yIGRldmVsb3BpbmcgYSBtdWx0aXZhcmlhYmxlIHByZWRpY3Rpb24gbW9kZWwgUGFydCBJLS1Db250aW51b3VzIG91dGNvbWVzLnBkZgAADgDeAG4AUgBpAGwAZQB5ADIAMAAxADkAawAtAE0AaQBuAGkAbQB1AG0AIABzAGEAbQBwAGwAZQAgAHMAaQB6AGUAIABmAG8AcgAgAGQAZQB2AGUAbABvAHAAaQBuAGcAIABhACAAbQB1AGwAdABpAHYAYQByAGkAYQBiAGwAZQAgAHAAcgBlAGQAaQBjAHQAaQBvAG4AIABtAG8AZABlAGwAIABQAGEAcgB0ACAASQAtAC0AQwBvAG4AdABpAG4AdQBvAHUAcwAgAG8AdQB0AGMAbwBtAGUAcwAuAHAAZABmAA8AGgAMAE0AYQBjAGkAbgB0AG8AcwBoACAASABEABIArVVzZXJzL3poZXlhbmd3dS9SZXNlYXJjaERvYy9SZWZlcmVuY2UvQmliRGVza0F1dG9GaWxlcy9SaWxleS5SL1JpbGV5MjAxOWstTWluaW11bSBzYW1wbGUgc2l6ZSBmb3IgZGV2ZWxvcGluZyBhIG11bHRpdmFyaWFibGUgcHJlZGljdGlvbiBtb2RlbCBQYXJ0IEktLUNvbnRpbnVvdXMgb3V0Y29tZXMucGRmAAATAAEvAAAVAAIAEP//AAAACAANABoAJADTAAAAAAAAAgEAAAAAAAAABQAAAAAAAAAAAAAAAAAAA+8=}}

@article{riley2020calculating,
	author = {Riley, Richard D and Ensor, Joie and Snell, Kym IE and Harrell, Frank E and Martin, Glen P and Reitsma, Johannes B and Moons, Karel GM and Collins, Gary and Van Smeden, Maarten},
	date-added = {2021-11-24 22:45:35 -0500},
	date-modified = {2021-11-24 22:45:42 -0500},
	journal = {Bmj},
	keywords = {sample size for prediction},
	publisher = {British Medical Journal Publishing Group},
	title = {Calculating the sample size required for developing a clinical prediction model},
	volume = {368},
	year = {2020},
	bdsk-file-1 = {YnBsaXN0MDDSAQIDBFxyZWxhdGl2ZVBhdGhZYWxpYXNEYXRhXxCcLi4vLi4vLi4vLi4vLi4vUmVzZWFyY2hEb2MvUmVmZXJlbmNlL0JpYkRlc2tBdXRvRmlsZXMvUmlsZXkuUi9SaWxleTIwMjB2LUNhbGN1bGF0aW5nIHRoZSBzYW1wbGUgc2l6ZSByZXF1aXJlZCBmb3IgZGV2ZWxvcGluZyBhIGNsaW5pY2FsIHByZWRpY3Rpb24gbW9kZWwucGRmTxEC2AAAAAAC2AACAAAMTWFjaW50b3NoIEhEAAAAAAAAAAAAAAAAAAAAAAAAAEJEAAH/////H1JpbGV5MjAyMHYtQ2FsY3VsYSNGRkZGRkZGRi5wZGYAAAAAAAAAAAAAAAAAAAAAAAAAAAAAAAAAAAAAAAAAAP////8AAAAAAAAAAAAAAAAABQAFAAAKIGN1AAAAAAAAAAAAAAAAAAdSaWxleS5SAAACAJ8vOlVzZXJzOnpoZXlhbmd3dTpSZXNlYXJjaERvYzpSZWZlcmVuY2U6QmliRGVza0F1dG9GaWxlczpSaWxleS5SOlJpbGV5MjAyMHYtQ2FsY3VsYXRpbmcgdGhlIHNhbXBsZSBzaXplIHJlcXVpcmVkIGZvciBkZXZlbG9waW5nIGEgY2xpbmljYWwgcHJlZGljdGlvbiBtb2RlbC5wZGYAAA4AvgBeAFIAaQBsAGUAeQAyADAAMgAwAHYALQBDAGEAbABjAHUAbABhAHQAaQBuAGcAIAB0AGgAZQAgAHMAYQBtAHAAbABlACAAcwBpAHoAZQAgAHIAZQBxAHUAaQByAGUAZAAgAGYAbwByACAAZABlAHYAZQBsAG8AcABpAG4AZwAgAGEAIABjAGwAaQBuAGkAYwBhAGwAIABwAHIAZQBkAGkAYwB0AGkAbwBuACAAbQBvAGQAZQBsAC4AcABkAGYADwAaAAwATQBhAGMAaQBuAHQAbwBzAGgAIABIAEQAEgCdVXNlcnMvemhleWFuZ3d1L1Jlc2VhcmNoRG9jL1JlZmVyZW5jZS9CaWJEZXNrQXV0b0ZpbGVzL1JpbGV5LlIvUmlsZXkyMDIwdi1DYWxjdWxhdGluZyB0aGUgc2FtcGxlIHNpemUgcmVxdWlyZWQgZm9yIGRldmVsb3BpbmcgYSBjbGluaWNhbCBwcmVkaWN0aW9uIG1vZGVsLnBkZgAAEwABLwAAFQACABD//wAAAAgADQAaACQAwwAAAAAAAAIBAAAAAAAAAAUAAAAAAAAAAAAAAAAAAAOf},
	bdsk-file-2 = {YnBsaXN0MDDSAQIDBFxyZWxhdGl2ZVBhdGhZYWxpYXNEYXRhXxCcLi4vLi4vLi4vLi4vLi4vUmVzZWFyY2hEb2MvUmVmZXJlbmNlL0JpYkRlc2tBdXRvRmlsZXMvUmlsZXkuUi9SaWxleTIwMjBhLUNhbGN1bGF0aW5nIHRoZSBzYW1wbGUgc2l6ZSByZXF1aXJlZCBmb3IgZGV2ZWxvcGluZyBhIGNsaW5pY2FsIHByZWRpY3Rpb24gbW9kZWwucGRmTxEC2AAAAAAC2AACAAAMTWFjaW50b3NoIEhEAAAAAAAAAAAAAAAAAAAAAAAAAEJEAAH/////H1JpbGV5MjAyMGEtQ2FsY3VsYSNGRkZGRkZGRi5wZGYAAAAAAAAAAAAAAAAAAAAAAAAAAAAAAAAAAAAAAAAAAP////8AAAAAAAAAAAAAAAAABQAFAAAKIGN1AAAAAAAAAAAAAAAAAAdSaWxleS5SAAACAJ8vOlVzZXJzOnpoZXlhbmd3dTpSZXNlYXJjaERvYzpSZWZlcmVuY2U6QmliRGVza0F1dG9GaWxlczpSaWxleS5SOlJpbGV5MjAyMGEtQ2FsY3VsYXRpbmcgdGhlIHNhbXBsZSBzaXplIHJlcXVpcmVkIGZvciBkZXZlbG9waW5nIGEgY2xpbmljYWwgcHJlZGljdGlvbiBtb2RlbC5wZGYAAA4AvgBeAFIAaQBsAGUAeQAyADAAMgAwAGEALQBDAGEAbABjAHUAbABhAHQAaQBuAGcAIAB0AGgAZQAgAHMAYQBtAHAAbABlACAAcwBpAHoAZQAgAHIAZQBxAHUAaQByAGUAZAAgAGYAbwByACAAZABlAHYAZQBsAG8AcABpAG4AZwAgAGEAIABjAGwAaQBuAGkAYwBhAGwAIABwAHIAZQBkAGkAYwB0AGkAbwBuACAAbQBvAGQAZQBsAC4AcABkAGYADwAaAAwATQBhAGMAaQBuAHQAbwBzAGgAIABIAEQAEgCdVXNlcnMvemhleWFuZ3d1L1Jlc2VhcmNoRG9jL1JlZmVyZW5jZS9CaWJEZXNrQXV0b0ZpbGVzL1JpbGV5LlIvUmlsZXkyMDIwYS1DYWxjdWxhdGluZyB0aGUgc2FtcGxlIHNpemUgcmVxdWlyZWQgZm9yIGRldmVsb3BpbmcgYSBjbGluaWNhbCBwcmVkaWN0aW9uIG1vZGVsLnBkZgAAEwABLwAAFQACABD//wAAAAgADQAaACQAwwAAAAAAAAIBAAAAAAAAAAUAAAAAAAAAAAAAAAAAAAOf}}

@article{snell2021external,
	author = {Snell, Kym IE and Archer, Lucinda and Ensor, Joie and Bonnett, Laura J and Debray, Thomas PA and Phillips, Bob and Collins, Gary S and Riley, Richard D},
	date-added = {2022-02-16 22:08:18 -0500},
	date-modified = {2022-02-16 22:08:26 -0500},
	journal = {Journal of clinical epidemiology},
	keywords = {sample size for prediction},
	pages = {79--89},
	publisher = {Elsevier},
	title = {External validation of clinical prediction models: simulation-based sample size calculations were more reliable than rules-of-thumb},
	volume = {135},
	year = {2021},
	bdsk-file-1 = {YnBsaXN0MDDSAQIDBFxyZWxhdGl2ZVBhdGhZYWxpYXNEYXRhXxCtLi4vLi4vLi4vLi4vLi4vUmVzZWFyY2hEb2MvUmVmZXJlbmNlL0JpYkRlc2tBdXRvRmlsZXMvU25lbGwuSy9TbmVsbDIwMjFjLUV4dGVybmFsIHZhbGlkYXRpb24gb2YgY2xpbmljYWwgcHJlZGljdGlvbiBtb2RlbHMgc2ltdWxhdGlvbi1iYXNlZCBzYW1wbGUgc2l6ZSBjYWxjdWxhdGlvbnMgd2VyZS5wZGZPEQMaAAAAAAMaAAIAAAxNYWNpbnRvc2ggSEQAAAAAAAAAAAAAAAAAAAAAAAAAQkQAAf////8fU25lbGwyMDIxYy1FeHRlcm5hI0ZGRkZGRkZGLnBkZgAAAAAAAAAAAAAAAAAAAAAAAAAAAAAAAAAAAAAAAAAA/////wAAAAAAAAAAAAAAAAAFAAUAAAogY3UAAAAAAAAAAAAAAAAAB1NuZWxsLksAAAIAsC86VXNlcnM6emhleWFuZ3d1OlJlc2VhcmNoRG9jOlJlZmVyZW5jZTpCaWJEZXNrQXV0b0ZpbGVzOlNuZWxsLks6U25lbGwyMDIxYy1FeHRlcm5hbCB2YWxpZGF0aW9uIG9mIGNsaW5pY2FsIHByZWRpY3Rpb24gbW9kZWxzIHNpbXVsYXRpb24tYmFzZWQgc2FtcGxlIHNpemUgY2FsY3VsYXRpb25zIHdlcmUucGRmAA4A4ABvAFMAbgBlAGwAbAAyADAAMgAxAGMALQBFAHgAdABlAHIAbgBhAGwAIAB2AGEAbABpAGQAYQB0AGkAbwBuACAAbwBmACAAYwBsAGkAbgBpAGMAYQBsACAAcAByAGUAZABpAGMAdABpAG8AbgAgAG0AbwBkAGUAbABzACAAcwBpAG0AdQBsAGEAdABpAG8AbgAtAGIAYQBzAGUAZAAgAHMAYQBtAHAAbABlACAAcwBpAHoAZQAgAGMAYQBsAGMAdQBsAGEAdABpAG8AbgBzACAAdwBlAHIAZQAuAHAAZABmAA8AGgAMAE0AYQBjAGkAbgB0AG8AcwBoACAASABEABIArlVzZXJzL3poZXlhbmd3dS9SZXNlYXJjaERvYy9SZWZlcmVuY2UvQmliRGVza0F1dG9GaWxlcy9TbmVsbC5LL1NuZWxsMjAyMWMtRXh0ZXJuYWwgdmFsaWRhdGlvbiBvZiBjbGluaWNhbCBwcmVkaWN0aW9uIG1vZGVscyBzaW11bGF0aW9uLWJhc2VkIHNhbXBsZSBzaXplIGNhbGN1bGF0aW9ucyB3ZXJlLnBkZgATAAEvAAAVAAIAEP//AAAACAANABoAJADUAAAAAAAAAgEAAAAAAAAABQAAAAAAAAAAAAAAAAAAA/I=}}

@article{christodoulou2021adaptive,
	author = {Christodoulou, Evangelia and van Smeden, Maarten and Edlinger, Michael and Timmerman, Dirk and Wanitschek, Maria and Steyerberg, Ewout W and Van Calster, Ben},
	date-added = {2022-02-16 22:15:49 -0500},
	date-modified = {2022-02-16 22:16:00 -0500},
	journal = {Diagnostic and prognostic research},
	keywords = {sample size for prediction, adaptive design},
	number = {1},
	pages = {1--12},
	publisher = {BioMed Central},
	title = {Adaptive sample size determination for the development of clinical prediction models},
	volume = {5},
	year = {2021},
	bdsk-file-1 = {YnBsaXN0MDDSAQIDBFxyZWxhdGl2ZVBhdGhZYWxpYXNEYXRhXxCxLi4vLi4vLi4vLi4vLi4vUmVzZWFyY2hEb2MvUmVmZXJlbmNlL0JpYkRlc2tBdXRvRmlsZXMvQ2hyaXN0b2RvdWxvdS5FL0NocmlzdG9kb3Vsb3UyMDIxZC1BZGFwdGl2ZSBzYW1wbGUgc2l6ZSBkZXRlcm1pbmF0aW9uIGZvciB0aGUgZGV2ZWxvcG1lbnQgb2YgY2xpbmljYWwgcHJlZGljdGlvbiBtb2RlbHMucGRmTxEDIgAAAAADIgACAAAMTWFjaW50b3NoIEhEAAAAAAAAAAAAAAAAAAAAAAAAAEJEAAH/////H0NocmlzdG9kb3Vsb3UyMDIxZCNGRkZGRkZGRi5wZGYAAAAAAAAAAAAAAAAAAAAAAAAAAAAAAAAAAAAAAAAAAP////8AAAAAAAAAAAAAAAAABQAFAAAKIGN1AAAAAAAAAAAAAAAAAA9DaHJpc3RvZG91bG91LkUAAAIAtC86VXNlcnM6emhleWFuZ3d1OlJlc2VhcmNoRG9jOlJlZmVyZW5jZTpCaWJEZXNrQXV0b0ZpbGVzOkNocmlzdG9kb3Vsb3UuRTpDaHJpc3RvZG91bG91MjAyMWQtQWRhcHRpdmUgc2FtcGxlIHNpemUgZGV0ZXJtaW5hdGlvbiBmb3IgdGhlIGRldmVsb3BtZW50IG9mIGNsaW5pY2FsIHByZWRpY3Rpb24gbW9kZWxzLnBkZgAOANgAawBDAGgAcgBpAHMAdABvAGQAbwB1AGwAbwB1ADIAMAAyADEAZAAtAEEAZABhAHAAdABpAHYAZQAgAHMAYQBtAHAAbABlACAAcwBpAHoAZQAgAGQAZQB0AGUAcgBtAGkAbgBhAHQAaQBvAG4AIABmAG8AcgAgAHQAaABlACAAZABlAHYAZQBsAG8AcABtAGUAbgB0ACAAbwBmACAAYwBsAGkAbgBpAGMAYQBsACAAcAByAGUAZABpAGMAdABpAG8AbgAgAG0AbwBkAGUAbABzAC4AcABkAGYADwAaAAwATQBhAGMAaQBuAHQAbwBzAGgAIABIAEQAEgCyVXNlcnMvemhleWFuZ3d1L1Jlc2VhcmNoRG9jL1JlZmVyZW5jZS9CaWJEZXNrQXV0b0ZpbGVzL0NocmlzdG9kb3Vsb3UuRS9DaHJpc3RvZG91bG91MjAyMWQtQWRhcHRpdmUgc2FtcGxlIHNpemUgZGV0ZXJtaW5hdGlvbiBmb3IgdGhlIGRldmVsb3BtZW50IG9mIGNsaW5pY2FsIHByZWRpY3Rpb24gbW9kZWxzLnBkZgATAAEvAAAVAAIAEP//AAAACAANABoAJADYAAAAAAAAAgEAAAAAAAAABQAAAAAAAAAAAAAAAAAAA/4=}}

@article{riley2021note,
	author = {Riley, Richard D and Van Calster, Ben and Collins, Gary S},
	date-added = {2021-11-25 15:25:53 -0500},
	date-modified = {2021-11-25 15:25:59 -0500},
	journal = {Statistics in Medicine},
	keywords = {sample size for prediction},
	number = {4},
	pages = {859--864},
	publisher = {Wiley Online Library},
	title = {A note on estimating the Cox-Snell R 2 from a reported C statistic (AUROC) to inform sample size calculations for developing a prediction model with a binary outcome},
	volume = {40},
	year = {2021},
	bdsk-file-1 = {YnBsaXN0MDDSAQIDBFxyZWxhdGl2ZVBhdGhZYWxpYXNEYXRhXxCtLi4vLi4vLi4vLi4vLi4vUmVzZWFyY2hEb2MvUmVmZXJlbmNlL0JpYkRlc2tBdXRvRmlsZXMvUmlsZXkuUi9SaWxleTIwMjFlLUEgbm90ZSBvbiBlc3RpbWF0aW5nIHRoZSBDb3gtU25lbGwgUiAyIGZyb20gYSByZXBvcnRlZCBDIHN0YXRpc3RpYyAoQVVST0MpIHRvIGluZm9ybSBzYW1wbGUgc2l6ZS5wZGZPEQMaAAAAAAMaAAIAAAxNYWNpbnRvc2ggSEQAAAAAAAAAAAAAAAAAAAAAAAAAQkQAAf////8fUmlsZXkyMDIxZS1BIG5vdGUgI0ZGRkZGRkZGLnBkZgAAAAAAAAAAAAAAAAAAAAAAAAAAAAAAAAAAAAAAAAAA/////wAAAAAAAAAAAAAAAAAFAAUAAAogY3UAAAAAAAAAAAAAAAAAB1JpbGV5LlIAAAIAsC86VXNlcnM6emhleWFuZ3d1OlJlc2VhcmNoRG9jOlJlZmVyZW5jZTpCaWJEZXNrQXV0b0ZpbGVzOlJpbGV5LlI6UmlsZXkyMDIxZS1BIG5vdGUgb24gZXN0aW1hdGluZyB0aGUgQ294LVNuZWxsIFIgMiBmcm9tIGEgcmVwb3J0ZWQgQyBzdGF0aXN0aWMgKEFVUk9DKSB0byBpbmZvcm0gc2FtcGxlIHNpemUucGRmAA4A4ABvAFIAaQBsAGUAeQAyADAAMgAxAGUALQBBACAAbgBvAHQAZQAgAG8AbgAgAGUAcwB0AGkAbQBhAHQAaQBuAGcAIAB0AGgAZQAgAEMAbwB4AC0AUwBuAGUAbABsACAAUgAgADIAIABmAHIAbwBtACAAYQAgAHIAZQBwAG8AcgB0AGUAZAAgAEMAIABzAHQAYQB0AGkAcwB0AGkAYwAgACgAQQBVAFIATwBDACkAIAB0AG8AIABpAG4AZgBvAHIAbQAgAHMAYQBtAHAAbABlACAAcwBpAHoAZQAuAHAAZABmAA8AGgAMAE0AYQBjAGkAbgB0AG8AcwBoACAASABEABIArlVzZXJzL3poZXlhbmd3dS9SZXNlYXJjaERvYy9SZWZlcmVuY2UvQmliRGVza0F1dG9GaWxlcy9SaWxleS5SL1JpbGV5MjAyMWUtQSBub3RlIG9uIGVzdGltYXRpbmcgdGhlIENveC1TbmVsbCBSIDIgZnJvbSBhIHJlcG9ydGVkIEMgc3RhdGlzdGljIChBVVJPQykgdG8gaW5mb3JtIHNhbXBsZSBzaXplLnBkZgATAAEvAAAVAAIAEP//AAAACAANABoAJADUAAAAAAAAAgEAAAAAAAAABQAAAAAAAAAAAAAAAAAAA/I=}}
